timestamp,symbol,side,size,price,tickDirection,trdMatchID,grossValue,homeNotional,foreignNotional,hour(timestamp)
2018-06-04T04:00:07.109045Z,XBTUSD,Buy,20,7694,ZeroPlusTick,3627d94a-3f0b-4ed9-75c8-362ba6a5bb93,259940,0.0025994,20,4
2018-06-04T12:00:10.577924Z,XBTUSD,Buy,2670,7513.5,PlusTick,c4cc3644-21c1-1dcf-8d98-5f691b6fcc1c,35535030,0.3553503,2670,12
2018-06-04T20:00:02.615023Z,XBTUSD,Buy,50,7492,ZeroPlusTick,96e0f0e8-2c5e-d4f0-6fb3-5a8a8d86c4e6,667400,0.006674,50,20
2018-06-05T04:00:04.687814Z,XBTUSD,Buy,5000,7413,PlusTick,dacb1ef4-648e-7e21-3d0f-63262c988081,67450000,0.6745,5000,4
2018-06-05T12:00:05.577569Z,XBTUSD,Buy,2,7420,ZeroPlusTick,6d258f65-adb7-1c6b-57be-c6e7a277a1ac,26954,2.6954e-4,2,12
2018-06-05T20:00:04.774087Z,XBTUSD,Buy,7900,7625,PlusTick,2f3c6622-2bce-a0f5-f73f-07d2d0bf6d9f,103608500,1.036085,7900,20
2018-06-06T04:00:02.910129Z,XBTUSD,Sell,2000,7615,ZeroMinusTick,61be496e-ba0f-e691-6afa-8c757141b948,26264000,0.26264,2000,4
2018-06-06T12:00:15.228899Z,XBTUSD,Buy,50000,7615.5,PlusTick,4171d045-e267-62a2-bb61-93e1f8c8e490,656550000,6.5655,50000,12
2018-06-06T20:00:05.968762Z,XBTUSD,Buy,164,7526,ZeroPlusTick,fc8a3134-0171-c6fa-7cbc-a658c9ed8c49,2179068,0.02179068,164,20
2018-06-07T04:00:07.294111Z,XBTUSD,Sell,10000,7722,MinusTick,9457655c-b10a-1e3f-5ed5-6df74f644fef,129500000,1.295,10000,4
2018-06-07T12:00:10.040685Z,XBTUSD,Sell,10000,7693.5,MinusTick,225eeff4-e8ba-df0f-5af2-a27c758b6647,129980000,1.2998,10000,12
2018-06-07T20:00:07.903502Z,XBTUSD,Sell,30,7697,MinusTick,247c0025-25cd-6a8a-a85b-597ad8cc958c,389760,0.0038976,30,20
2018-06-08T04:00:08.548810Z,XBTUSD,Buy,100,7642.5,ZeroMinusTick,aaaeb928-494d-f3cb-c94c-a36d0a0ae71a,1308500,0.013085,100,4
2018-06-08T12:00:09.932616Z,XBTUSD,Sell,10000,7568,MinusTick,e16c429d-bab1-441d-0784-9a99005dacb0,132140000,1.3214,10000,12
2018-06-08T20:00:05.117408Z,XBTUSD,Sell,1,7644.5,ZeroMinusTick,5da3a68a-d7bf-ae63-0eea-9410102def44,13081,1.3081e-4,1,20
2018-06-09T04:00:06.369670Z,XBTUSD,Sell,5000,7670.5,ZeroMinusTick,4fd75ac4-0126-b769-7361-d2ba60f0c4fb,65185000,0.65185,5000,4
2018-06-09T12:00:09.857111Z,XBTUSD,Sell,5000,7638.5,ZeroMinusTick,888f8511-9b34-5f62-dcf9-d9d2324b7ec2,65460000,0.6546,5000,12
2018-06-09T20:00:06.165068Z,XBTUSD,Sell,9,7616,ZeroMinusTick,94f2e290-8482-58ae-e023-d253d9997be3,118170,0.0011817,9,20
2018-06-10T04:00:08.212822Z,XBTUSD,Buy,32231,7288.5,ZeroPlusTick,950542ba-ca99-11d1-a84c-0ab9bd0e09fb,442209320,4.4220932,32231,4
2018-06-10T12:00:10.961707Z,XBTUSD,Buy,2089,7239.5,ZeroPlusTick,b67b5202-41a2-e82e-4a9c-77beb03f4429,28855357,0.28855357,2089,12
2018-06-10T20:00:07.123443Z,XBTUSD,Sell,1635,6814,ZeroMinusTick,f551a4f3-acc8-8764-42d4-cfb4bd979cd1,23995260,0.2399526,1635,20
2018-06-11T04:00:06.667984Z,XBTUSD,Sell,8000,6776.5,MinusTick,3915981a-5265-b6a3-741b-a69414686fb4,118056000,1.18056,8000,4
2018-06-11T12:00:11.699934Z,XBTUSD,Sell,2500,6794,ZeroMinusTick,d5de030e-5703-a99e-6412-382b2b187893,36797500,0.367975,2500,12
2018-06-11T20:00:04.212239Z,XBTUSD,Sell,2,6760.5,MinusTick,8ec20fbb-58bc-9d72-ef20-eabb6bd8a1f3,29584,2.9584e-4,2,20
2018-06-12T04:00:05.244111Z,XBTUSD,Buy,100,6817,ZeroPlusTick,d0e845e2-9ec6-65e8-5185-10a1dd05a892,1466900,0.014669,100,4
2018-06-12T12:00:12.199671Z,XBTUSD,Sell,1000,6841.5,ZeroMinusTick,43593acf-bb57-2caa-f4a4-f100585cd852,14617000,0.14617,1000,12
2018-06-12T20:00:02.796504Z,XBTUSD,Buy,200,6507.5,ZeroPlusTick,04ab4b6e-85b7-3fdb-88e6-0e9be76c6bf4,3073400,0.030734,200,20
2018-06-13T04:00:04.470239Z,XBTUSD,Sell,1000,6555,ZeroMinusTick,318d9416-1994-9692-9744-428cdde1c2f9,15256000,0.15256,1000,4
2018-06-13T12:00:08.738099Z,XBTUSD,Sell,40000,6450.5,MinusTick,94a938c6-7eb1-9116-f319-4a41b0be1574,620120000,6.2012,40000,12
2018-06-13T20:00:05.017230Z,XBTUSD,Buy,32500,6281,PlusTick,8a9c7528-41e0-72af-4e05-942cf839aceb,517432500,5.174325,32500,20
2018-06-14T04:00:06.289842Z,XBTUSD,Sell,408,6491,ZeroMinusTick,02f1ed25-50ff-565a-31eb-ab826f2b18fb,6285648,0.06285648,408,4
2018-06-14T12:00:10.359236Z,XBTUSD,Sell,1500,6513.5,ZeroMinusTick,b1d09b88-b9aa-8052-2129-8f23340f3134,23029500,0.230295,1500,12
2018-06-14T20:00:03.579349Z,XBTUSD,Sell,594,6634,MinusTick,dc1701a9-cdc2-5a5a-9df4-400e9094380b,8953956,0.08953956,594,20
2018-06-15T04:00:06.273278Z,XBTUSD,Sell,1618,6602.5,ZeroMinusTick,cc026b8a-40e6-0a36-c474-2f187d54c379,24506228,0.24506228,1618,4
2018-06-15T12:00:19.252441Z,XBTUSD,Sell,25,6528.5,ZeroMinusTick,cb72d7c7-2897-863f-074c-b1deb4d56e0a,382925,0.00382925,25,12
2018-06-15T20:00:04.488240Z,XBTUSD,Sell,20759,6545.5,ZeroMinusTick,b8419907-0d14-4241-1de4-5be8913c22a2,317156002,3.17156002,20759,20
2018-06-16T04:00:07.745900Z,XBTUSD,Buy,1500,6411,ZeroPlusTick,42489114-78cc-6173-58c9-63eea833b0b7,23397000,0.23397,1500,4
2018-06-16T12:00:09.759757Z,XBTUSD,Buy,5,6450.5,ZeroPlusTick,7d0f0c61-6718-bd18-71ce-44ac0370d8f5,77515,7.7515e-4,5,12
2018-06-16T20:00:06.239452Z,XBTUSD,Buy,473,6502,PlusTick,e219e359-6ffa-5719-cba3-648738f64fd6,7274740,0.0727474,473,20
2018-06-17T04:00:03.591771Z,XBTUSD,Sell,300,6526.5,ZeroMinusTick,01433cd4-f83c-be53-e7ef-a7b0ee32bc93,4596600,0.045966,300,4
2018-06-17T12:00:09.249464Z,XBTUSD,Sell,84612,6511.5,ZeroMinusTick,db02e3ac-bae4-b8a8-e856-fe1452d75bdb,1299386484,12.99386484,84612,12
2018-06-17T20:00:03.612952Z,XBTUSD,Sell,200,6523.5,ZeroMinusTick,7e8d6d90-6bba-2c92-4caa-8405f33299d5,3065800,0.030658,200,20
2018-06-18T04:00:06.273537Z,XBTUSD,Buy,282,6413,PlusTick,b60c3c0d-f8cf-b1b9-fdd0-10c12eb64f98,4397226,0.04397226,282,4
2018-06-18T12:00:09.075778Z,XBTUSD,Buy,43,6419.5,ZeroPlusTick,15227315-2da4-29b0-6ca5-ea5cd766591f,669854,0.00669854,43,12
2018-06-18T20:00:07.323328Z,XBTUSD,Buy,1337,6700.5,PlusTick,46f26772-520f-e46a-2b78-0d58a553a1a9,19953388,0.19953388,1337,20
2018-06-19T04:00:06.822240Z,XBTUSD,Sell,6769,6691.5,ZeroMinusTick,6cb65381-d09b-8ebf-1ac3-31baeb3e275a,101155936,1.01155936,6769,4
2018-06-19T12:00:11.058552Z,XBTUSD,Buy,1591,6718,ZeroPlusTick,091df5f5-80a7-2135-f95f-48e5d14180a8,23682035,0.23682035,1591,12
2018-06-19T20:00:08.595453Z,XBTUSD,Buy,2,6737.5,PlusTick,744979b4-56c1-8032-0c03-4e1cda707b98,29684,2.9684e-4,2,20
2018-06-20T04:00:06.787525Z,XBTUSD,Buy,26,6609,ZeroPlusTick,8c9524a2-f224-d9c3-b3e0-77bf153449e6,393406,0.00393406,26,4
2018-06-20T12:00:12.430608Z,XBTUSD,Sell,5000,6632.5,MinusTick,75571e50-768a-71d5-e5a0-8a48970b01d9,75385000,0.75385,5000,12
2018-06-20T20:00:06.871326Z,XBTUSD,Buy,10,6753.5,ZeroPlusTick,2b5d8e04-4fe1-02c4-461c-6387c2372ca6,148070,0.0014807,10,20
2018-06-21T04:00:05.690657Z,XBTUSD,Buy,54379,6765.5,PlusTick,b0a18c41-8cae-0813-2800-4273712cce70,803775999,8.03775999,54379,4
2018-06-21T12:00:11.512197Z,XBTUSD,Sell,3000,6736.5,ZeroMinusTick,756a494c-185f-4c75-bd64-34072e437f76,44535000,0.44535,3000,12
2018-06-21T20:00:05.948086Z,XBTUSD,Sell,10,6713,ZeroMinusTick,79c6aced-1559-b193-13cb-aba967c0731a,148960,0.0014896,10,20
2018-06-22T04:00:04.450615Z,XBTUSD,Sell,3500,6666,ZeroMinusTick,9e6cf142-9b4e-cc62-4510-6f6b270942b8,52507000,0.52507,3500,4
2018-06-22T12:00:10.918830Z,XBTUSD,Buy,98,6352.5,ZeroPlusTick,f7ea5401-f418-f1f7-c9c4-9842aa7b355c,1542716,0.01542716,98,12
2018-06-22T20:00:11.096840Z,XBTUSD,Sell,17,6196,MinusTick,cfd9df80-abac-9e71-42f3-80c20c409706,274363,0.00274363,17,20
2018-06-23T04:00:04.319617Z,XBTUSD,Buy,55753,6111,PlusTick,d0f292c1-f4e5-b7f7-f0d6-40f7280afcf4,912342092,9.12342092,55753,4
2018-06-23T12:00:06.938143Z,XBTUSD,Sell,5453,6148.5,ZeroMinusTick,32552399-3581-52d5-f6f5-04f55c44f936,88687592,0.88687592,5453,12
2018-06-23T20:00:04.068475Z,XBTUSD,Sell,2,6153.5,ZeroMinusTick,52c3b14b-03ac-b7d7-95c8-c194ce9bd80c,32502,3.2502e-4,2,20
2018-06-24T04:00:08.135229Z,XBTUSD,Buy,125,6073.5,PlusTick,8b1b6d76-e7a7-b632-c0a9-746f1dba2f13,2058125,0.02058125,125,4
2018-06-24T12:00:14.928694Z,XBTUSD,Sell,40000,5925,ZeroMinusTick,3145eb3a-3b49-8266-7117-8e4c6d4d1180,675120000,6.7512,40000,12
2018-06-24T20:00:06.833907Z,XBTUSD,Buy,2500,6210,ZeroPlusTick,50175878-312a-a7e5-b79b-6165c6be55a6,40257500,0.402575,2500,20
2018-06-25T04:00:04.621397Z,XBTUSD,Sell,20000,6139,ZeroMinusTick,25cfa875-af0d-b1ce-9559-f79852c0e721,325780000,3.2578,20000,4
2018-06-25T12:00:09.211827Z,XBTUSD,Buy,500,6222.5,ZeroMinusTick,314cebed-1e42-b80d-4df2-aea638d81b45,8035500,0.080355,500,12
2018-06-25T20:00:06.304212Z,XBTUSD,Buy,10350,6258,ZeroPlusTick,83f22294-41de-9071-eb7c-a0e77b88af40,165393000,1.65393,10350,20
2018-06-26T04:00:03.688027Z,XBTUSD,Sell,10000,6232.5,ZeroMinusTick,8ccb1d00-77e5-3390-1777-fbd436c04adc,160450000,1.6045,10000,4
2018-06-26T12:00:11.231729Z,XBTUSD,Sell,1,6201.5,ZeroMinusTick,d74b8868-3390-4f8f-c416-5e72dbdc6519,16125,1.6125e-4,1,12
2018-06-26T20:00:03.654284Z,XBTUSD,Sell,1400,6169,ZeroMinusTick,a0344a6c-746b-c018-b45a-d663c3adbc60,22694000,0.22694,1400,20
2018-06-27T04:00:06.382709Z,XBTUSD,Sell,5,6043,MinusTick,800f33af-4b16-b5f8-b27d-1135bff945e0,82740,8.274e-4,5,4
2018-06-27T12:00:09.647130Z,XBTUSD,Buy,5702,6092,ZeroPlusTick,42c1b0ad-5871-1892-94b0-d2cd61c58bdd,93598330,0.9359833,5702,12
2018-06-27T20:00:09.191447Z,XBTUSD,Sell,104393,6137.5,MinusTick,0ce2586d-c030-1ed4-16fa-fc1d43380484,1700875149,17.00875149,104393,20
2018-06-28T04:00:05.995448Z,XBTUSD,Buy,300,6091.5,ZeroPlusTick,9d5a7660-9463-334b-23af-55be4968480b,4924800,0.049248,300,4
2018-06-28T12:00:11.038964Z,XBTUSD,Buy,1000,6107.5,PlusTick,ac79c7c4-fb1b-9527-db81-1e7b1f7ea275,16373000,0.16373,1000,12
2018-06-28T20:00:05.924082Z,XBTUSD,Buy,7000,6080.5,ZeroPlusTick,e649db44-ed1f-c2d7-5cdc-69c5840dc681,115122000,1.15122,7000,20
2018-06-29T04:00:04.849128Z,XBTUSD,Sell,1840,5872,MinusTick,837463ef-c263-7465-a058-9e63668d09f5,31335200,0.313352,1840,4
2018-06-29T12:00:24.046670Z,XBTUSD,Sell,60,5864.5,MinusTick,b4d11ef8-5cde-20b4-58de-166d92c8a283,1023120,0.0102312,60,12
2018-06-29T20:00:06.339890Z,XBTUSD,Sell,5,5884,ZeroMinusTick,8248b1a7-e840-4f97-6acc-ffddf3eef1d2,84975,8.4975e-4,5,20
2018-06-30T04:00:04.380450Z,XBTUSD,Buy,60,6367.5,ZeroPlusTick,9f8bea0d-4b36-1291-c99f-3ba8b9f30882,942300,0.009423,60,4
2018-06-30T12:00:10.023686Z,XBTUSD,Buy,263,6390.5,PlusTick,b90b1440-2362-5216-2840-c86b74179fc1,4115424,0.04115424,263,12
2018-06-30T20:00:05.285153Z,XBTUSD,Sell,2690,6327.5,MinusTick,2d239b50-6f80-ee98-5986-16c716754a5e,42512760,0.4251276,2690,20
2018-07-01T04:00:07.276185Z,XBTUSD,Sell,2,6349.5,ZeroMinusTick,07aa2753-9a17-934c-d3aa-33476b1a1d0f,31498,3.1498e-4,2,4
2018-07-01T12:00:13.949192Z,XBTUSD,Sell,5,6373.5,MinusTick,27528b3f-5457-fa9e-d058-62f8fcb8df59,78450,7.845e-4,5,12
2018-07-01T20:00:03.263625Z,XBTUSD,Buy,100,6319,ZeroPlusTick,d6c267fa-c272-ffd0-231e-d7b5751c14fb,1582500,0.015825,100,20
2018-07-02T04:00:03.272990Z,XBTUSD,Buy,80,6329,ZeroPlusTick,81b3ae61-dd6c-6776-5da4-59b7f6e84b86,1264000,0.01264,80,4
2018-07-02T12:00:14.223328Z,XBTUSD,Buy,48811,6333,ZeroPlusTick,849dd422-5a88-65a2-6363-127f6346fd99,770725690,7.7072569,48811,12
2018-07-02T20:00:04.430262Z,XBTUSD,Sell,250,6615,ZeroMinusTick,b9fdb5ba-a1e6-ac7b-ff5d-dee20859d132,3779250,0.0377925,250,20
2018-07-03T04:00:05.293823Z,XBTUSD,Sell,1,6625.5,ZeroMinusTick,2f1d6ce0-4f0b-ee09-b42a-37715b932965,15093,1.5093e-4,1,4
2018-07-03T12:00:09.999990Z,XBTUSD,Sell,200,6581,ZeroMinusTick,218162e5-917c-3341-c7b6-50ef66aa974c,3039000,0.03039,200,12
2018-07-03T20:00:06.214606Z,XBTUSD,Sell,90,6602,MinusTick,cf310cbb-a757-8fdb-de1b-2ae7738114ec,1363230,0.0136323,90,20
2018-07-04T04:00:04.604630Z,XBTUSD,Buy,400,6466.5,ZeroPlusTick,9bf89be2-313c-9822-9879-2c3008a09095,6185600,0.061856,400,4
2018-07-04T12:00:11.045539Z,XBTUSD,Buy,400,6516.5,ZeroPlusTick,ceb58a3a-cc4c-4ea7-aff9-03a0c7f59baf,6138400,0.061384,400,12
2018-07-04T20:00:05.696063Z,XBTUSD,Buy,400,6684.5,ZeroPlusTick,f46235ac-e9cf-8cee-fdc9-90f82a86a079,5984000,0.05984,400,20
2018-07-05T04:00:04.984270Z,XBTUSD,Buy,80,6619.5,ZeroPlusTick,bb7db4eb-f6af-4071-6863-36f8d4b0086e,1208560,0.0120856,80,4
2018-07-05T12:00:12.553655Z,XBTUSD,Buy,200,6617.5,ZeroPlusTick,ee9104b3-64d2-97cc-543f-ea3e09fc63e1,3022200,0.030222,200,12
2018-07-05T20:00:05.671822Z,XBTUSD,Sell,1057,6504,ZeroMinusTick,1f365efd-c797-e048-0de7-cd72bfeb318f,16251375,0.16251375,1057,20
2018-07-06T04:00:07.369570Z,XBTUSD,Buy,40,6523,PlusTick,312c1bd4-825d-f387-c3d0-51ea9ea8e9f7,613200,0.006132,40,4
2018-07-06T12:00:20.804818Z,XBTUSD,Sell,116,6525,ZeroMinusTick,c309306c-8960-828c-7ea3-59fee3a5c3b1,1777816,0.01777816,116,12
2018-07-06T20:00:04.764744Z,XBTUSD,Buy,40,6567,PlusTick,32a2539c-f45f-65f5-cce0-9bce1a220078,609120,0.0060912,40,20
2018-07-07T04:00:06.728459Z,XBTUSD,Buy,5000,6596,ZeroPlusTick,2e5b005d-f326-1eac-fbb6-c4ac22db7b7d,75805000,0.75805,5000,4
2018-07-07T12:00:12.263381Z,XBTUSD,Buy,9873,6581.5,PlusTick,aac18a0d-5b1e-58aa-a193-bb65a630ca49,150010362,1.50010362,9873,12
2018-07-07T20:00:06.329124Z,XBTUSD,Buy,1,6540,ZeroPlusTick,46e7b37d-0ca3-1e51-457b-366c5890e8ef,15291,1.5291e-4,1,20
2018-07-08T04:00:03.309406Z,XBTUSD,Buy,1443,6720,ZeroPlusTick,ae55b7f5-a85e-36d2-089c-c1227f0cbe47,21473283,0.21473283,1443,4
2018-07-08T12:00:11.673963Z,XBTUSD,Sell,3986,6731,ZeroMinusTick,0432d95e-76c7-642f-9ca6-85e588ef480e,59220002,0.59220002,3986,12
2018-07-08T20:00:07.464542Z,XBTUSD,Buy,5,6750,PlusTick,743644f4-03e9-04a9-e4b1-6e1c3f2f76e8,74075,7.4075e-4,5,20
2018-07-09T04:00:04.858948Z,XBTUSD,Buy,111,6709.5,ZeroPlusTick,ce79b782-79a4-cd0d-449d-d2426ceaeb8f,1654344,0.01654344,111,4
2018-07-09T12:00:10.310228Z,XBTUSD,Buy,100,6714.5,PlusTick,099f1aad-4441-a1fc-ee28-ae8f4df0e05c,1489300,0.014893,100,12
2018-07-09T20:00:06.257463Z,XBTUSD,Buy,2700,6710.5,ZeroPlusTick,4983df6b-9e13-ee18-6f79-785613524805,40235400,0.402354,2700,20
2018-07-10T04:00:03.394924Z,XBTUSD,Buy,250,6640,PlusTick,ba831010-a333-19bd-1ed9-50a88e1b7b73,3765000,0.03765,250,4
2018-07-10T12:00:08.920295Z,XBTUSD,Sell,5000,6360,MinusTick,0fa0872d-a33d-e9d6-e600-3f4fce3c126a,78615000,0.78615,5000,12
2018-07-10T20:00:04.589765Z,XBTUSD,Buy,3,6370,PlusTick,bbb7ab7a-96ac-bbc2-5625-e553475ec6a6,47097,4.7097e-4,3,20
2018-07-11T04:00:05.590072Z,XBTUSD,Sell,2572,6343,ZeroMinusTick,4d5578f3-5bc8-49b1-dd95-4850177a8ad1,40547580,0.4054758,2572,4
2018-07-11T12:00:10.845179Z,XBTUSD,Buy,5,6366,ZeroPlusTick,5b42eb41-2ac6-fe7c-597b-5d493d18a7ad,78540,7.854e-4,5,12
2018-07-11T20:00:05.646258Z,XBTUSD,Buy,1500,6347.5,PlusTick,deb95ae6-e1e9-ac8a-5ccf-7d22fc347fc3,23631000,0.23631,1500,20
2018-07-12T04:00:03.561341Z,XBTUSD,Buy,100,6341,PlusTick,19555a7f-72aa-6d19-ff86-8c058018c414,1577000,0.01577,100,4
2018-07-12T12:00:06.708300Z,XBTUSD,Sell,687,6166.5,ZeroMinusTick,e612884c-47dd-d81c-6095-c47fc62aa9b7,11141079,0.11141079,687,12
2018-07-12T20:00:03.786830Z,XBTUSD,Buy,400,6174.5,ZeroPlusTick,7faa03cc-053f-46cf-643e-cbd68fe82fbe,6478400,0.064784,400,20
2018-07-13T04:00:04.952468Z,XBTUSD,Buy,400,6239.5,ZeroPlusTick,08a53742-0a03-4b5c-74dc-1d30159df53f,6410800,0.064108,400,4
2018-07-13T12:00:08.412847Z,XBTUSD,Sell,100,6239.5,MinusTick,4f707d91-1cd9-a701-989f-91ef21ab67d3,1602700,0.016027,100,12
2018-07-13T20:00:04.931542Z,XBTUSD,Buy,1000,6179.5,PlusTick,33840288-4084-aa21-4ff8-73bb025728a5,16183000,0.16183,1000,20
2018-07-14T04:00:04.021988Z,XBTUSD,Sell,255,6210.5,ZeroMinusTick,df5ec4c1-29c6-fcbe-de3c-a982cdef0d13,4106010,0.0410601,255,4
2018-07-14T12:00:08.505837Z,XBTUSD,Sell,232,6225,MinusTick,e10c27ff-38cf-bff9-0915-456fba412f00,3726848,0.03726848,232,12
2018-07-14T20:00:03.925482Z,XBTUSD,Sell,100,6268,ZeroMinusTick,45268004-0e18-454e-e362-d7ec8bff5540,1595400,0.015954,100,20
2018-07-15T04:00:04.579959Z,XBTUSD,Buy,600,6253,PlusTick,b046fbd8-ba4e-ed87-8a89-9b8abfcc4056,9595200,0.095952,600,4
2018-07-15T12:00:07.529594Z,XBTUSD,Sell,1962,6343.5,ZeroMinusTick,f3b1e6ca-0f2c-9cd2-900f-70941a49be58,30928968,0.30928968,1962,12
2018-07-15T20:00:04.485393Z,XBTUSD,Buy,126,6361.5,PlusTick,0d712c50-c4f4-0faa-4c34-605dfa624eac,1980720,0.0198072,126,20
2018-07-16T04:00:03.820980Z,XBTUSD,Sell,100,6355,MinusTick,2c337790-c138-e951-5e90-0ffaf6e05b2e,1573600,0.015736,100,4
2018-07-16T12:00:08.018689Z,XBTUSD,Buy,500,6621.5,ZeroPlusTick,b1470344-b1dd-4cdd-00c1-89aae38c067f,7551000,0.07551,500,12
2018-07-16T20:00:03.913084Z,XBTUSD,Sell,2000,6677.5,PlusTick,afc95232-cf0f-5ed8-15c2-f0bae7687d26,29952000,0.29952,2000,20
2018-07-17T04:00:06.014760Z,XBTUSD,Sell,500,6732.5,MinusTick,d84fba37-2810-2ba7-6e12-12e0d0daae65,7426500,0.074265,500,4
2018-07-17T12:00:10.221714Z,XBTUSD,Sell,15,6684,MinusTick,8eab6def-5a86-5b0f-3ec7-6303465c451c,224415,0.00224415,15,12
2018-07-17T20:00:05.509562Z,XBTUSD,Sell,6000,7312,ZeroMinusTick,aca7ddce-e08e-c9a6-0d14-22ed4ef907c1,82056000,0.82056,6000,20
2018-07-18T04:00:06.704331Z,XBTUSD,Sell,500,7473,ZeroMinusTick,1bf538a3-b205-67ba-f2b6-51c030595fda,6691000,0.06691,500,4
2018-07-18T12:00:06.529106Z,XBTUSD,Buy,1041,7418,ZeroPlusTick,b615519e-2fab-f79e-a65e-9d7ce42611c6,14033721,0.14033721,1041,12
2018-07-18T20:00:05.928146Z,XBTUSD,Buy,10,7398,ZeroPlusTick,2c1993d4-92ed-7e65-8930-98f810e298af,135170,0.0013517,10,20
2018-07-19T04:00:04.589146Z,XBTUSD,Sell,125,7324.5,MinusTick,4e86c8e9-8761-d3c1-1389-6bb3b9223934,1706625,0.01706625,125,4
2018-07-19T12:00:09.315616Z,XBTUSD,Sell,600,7414.5,ZeroMinusTick,9b8b0274-8b47-05d9-c883-7d1426f2b131,8092200,0.080922,600,12
2018-07-19T20:00:04.931010Z,XBTUSD,Sell,1350,7452,ZeroMinusTick,a38cbcfd-4cbb-5ef1-6076-af6e7171ef5d,18115650,0.1811565,1350,20
2018-07-20T04:00:06.322491Z,XBTUSD,Buy,1000,7459.5,PlusTick,05bccd21-3323-6a92-9425-8bc0eb3f9a7b,13406000,0.13406,1000,4
2018-07-20T12:00:07.058411Z,XBTUSD,Buy,350,7490,ZeroPlusTick,6223f93f-0d17-f558-c8cb-9370d464790e,4672850,0.0467285,350,12
2018-07-20T20:00:06.030026Z,XBTUSD,Sell,3370,7348.5,MinusTick,bc028f9e-2c7f-d6d4-80c6-3705ed2a9f8b,45858960,0.4585896,3370,20
2018-07-21T04:00:05.664028Z,XBTUSD,Buy,325,7279,ZeroPlusTick,30b7555d-2fa2-a066-00bb-464c8b9c9ae2,4464850,0.0446485,325,4
2018-07-21T12:00:09.962141Z,XBTUSD,Buy,55,7313.5,ZeroPlusTick,f2088ba6-1631-1385-555d-bda20b76965a,752015,0.00752015,55,12
2018-07-21T20:00:04.405071Z,XBTUSD,Sell,7,7418,ZeroMinusTick,5906b108-5e58-0825-1e53-2fb5a5452ad5,94367,9.4367e-4,7,20
2018-07-22T04:00:04.879418Z,XBTUSD,Sell,5000,7418,MinusTick,769edddb-d407-21f6-c695-8fff06f47ecc,67405000,0.67405,5000,4
2018-07-22T12:00:10.593423Z,XBTUSD,Buy,1500,7445,PlusTick,bfd86ae7-8603-ef95-68f9-917177610d79,20148000,0.20148,1500,12
2018-07-22T20:00:05.381081Z,XBTUSD,Sell,5,7518,ZeroMinusTick,0856b096-962d-73fc-815a-2b90d59a0be0,66505,6.6505e-4,5,20
2018-07-23T04:00:04.967805Z,XBTUSD,Buy,48,7622,ZeroPlusTick,3f8668e2-da3f-a2c9-ffb4-2953395b8f9d,629760,0.0062976,48,4
2018-07-23T12:00:05.297851Z,XBTUSD,Buy,6,7684,ZeroPlusTick,7b564f07-67b5-00b5-f0f1-1f41d26cd18b,78084,7.8084e-4,6,12
2018-07-23T20:00:03.940304Z,XBTUSD,Buy,3906,7739,ZeroPlusTick,e08ed600-6f19-e331-ee73-94265c55d82e,50473332,0.50473332,3906,20
2018-07-24T04:00:04.403409Z,XBTUSD,Buy,470,7748,ZeroPlusTick,37bd5533-4158-0f5e-488e-1c21bd3e8b89,6066290,0.0606629,470,4
2018-07-24T12:00:08.224169Z,XBTUSD,Sell,3000,8249,MinusTick,3d317f9b-8e23-2ca3-e6fd-c304a3450700,36369000,0.36369,3000,12
2018-07-24T20:00:04.344162Z,XBTUSD,Sell,20000,8261.5,ZeroMinusTick,99041393-6f57-dd22-f3ad-9ceff3e5a61a,242080000,2.4208,20000,20
2018-07-25T04:00:04.934106Z,XBTUSD,Buy,1000,8368,PlusTick,394ecabc-6a42-4074-9cd2-bf18fd8aebd7,11950000,0.1195,1000,4
2018-07-25T12:00:08.145420Z,XBTUSD,Sell,3000,8198,MinusTick,e9a93737-690e-b817-7b65-9e59655c2faf,36594000,0.36594,3000,12
2018-07-25T20:00:04.562512Z,XBTUSD,Buy,250,8167.5,PlusTick,185592a4-9861-b9c0-df26-b6787e3a5d4f,3061000,0.03061,250,20
2018-07-26T04:00:05.942988Z,XBTUSD,Buy,500,8214.5,ZeroPlusTick,684796e0-7ad1-6e90-bce5-ce9b486cf718,6087000,0.06087,500,4
2018-07-26T12:00:09.073431Z,XBTUSD,Buy,10000,8251,ZeroPlusTick,42e0fae2-2f26-8111-4806-f33dfdb08b22,121200000,1.212,10000,12
2018-07-26T20:00:04.235741Z,XBTUSD,Sell,2000,8257.5,ZeroMinusTick,13df9abe-3812-d4e0-c53e-78e291800be2,24220000,0.2422,2000,20
2018-07-27T04:00:05.899680Z,XBTUSD,Buy,1000,7884,ZeroPlusTick,fec2770a-2290-4b95-2e8c-aa71f689f192,12684000,0.12684,1000,4
2018-07-27T12:00:08.713966Z,XBTUSD,Sell,158,7929.5,MinusTick,70fe1e19-1f25-9a6a-9259-5567d2f3ff6d,1992538,0.01992538,158,12
2018-07-27T20:00:06.686615Z,XBTUSD,Sell,200,8229.5,ZeroMinusTick,b1a87217-9c4f-1ce8-15b7-b5006d0a2c9d,2430200,0.024302,200,20
2018-07-28T04:00:05.405405Z,XBTUSD,Buy,65910,8172,ZeroPlusTick,6621cf76-8867-df3b-ac93-7c412f4aa2bd,806540670,8.0654067,65910,4
2018-07-28T12:00:11.195345Z,XBTUSD,Sell,69,8183.5,ZeroMinusTick,52431e91-ae86-ce75-ddbc-5a830d985ec2,843180,0.0084318,69,12
2018-07-28T20:00:04.412006Z,XBTUSD,Buy,10000,8193,ZeroPlusTick,d0f35332-343b-b39a-37fb-ce3f729bc262,122060000,1.2206,10000,20
2018-07-29T04:00:06.826308Z,XBTUSD,Buy,10,8235,PlusTick,b6acba86-55d9-5a3b-ff57-ea436175759c,121430,0.0012143,10,4
2018-07-29T12:00:08.214035Z,XBTUSD,Buy,265,8162.5,PlusTick,297e44e0-16e4-0c8e-866d-6e81851c3f46,3246515,0.03246515,265,12
2018-07-29T20:00:05.685225Z,XBTUSD,Buy,418,8211,ZeroPlusTick,e2d02df1-9c58-a992-1f92-5dbf063ce01f,5090822,0.05090822,418,20
2018-07-30T04:00:05.844879Z,XBTUSD,Buy,40000,8196,ZeroPlusTick,4190160c-93fa-f999-8ea7-f23d32751ddf,488040000,4.8804,40000,4
2018-07-30T12:00:08.277235Z,XBTUSD,Buy,10000,8159,PlusTick,9aeb3f86-23e6-fdfa-a5bd-7f8dc5a0ac06,122560000,1.2256,10000,12
2018-07-30T20:00:07.333963Z,XBTUSD,Buy,25,8094,ZeroPlusTick,732d1627-50e1-cf95-7b55-f3f752962cb7,308875,0.00308875,25,20
2018-07-31T04:00:04.891875Z,XBTUSD,Buy,3500,8121.5,PlusTick,dc57e3cd-2fd7-7346-d130-4f096aa22569,43095500,0.430955,3500,4
2018-07-31T12:00:11.672801Z,XBTUSD,Buy,3872,7984.5,PlusTick,8dc82cd3-314c-fb9e-656c-12dc7d9210bd,48492928,0.48492928,3872,12
2018-07-31T20:00:05.076280Z,XBTUSD,Sell,4920,7746,ZeroMinusTick,43d95d83-757a-864e-3c7e-10df62fcdba9,63517200,0.635172,4920,20
2018-08-01T04:00:04.455549Z,XBTUSD,Buy,100,7538,ZeroPlusTick,a0a43a1d-6256-7506-d7f7-7a86e954aecb,1326600,0.013266,100,4
2018-08-01T12:00:07.819786Z,XBTUSD,Buy,15000,7561,ZeroPlusTick,1f5778a6-faf0-e03c-0dc2-c8553f745fd1,198390000,1.9839,15000,12
2018-08-01T20:00:04.055674Z,XBTUSD,Buy,5062,7561,PlusTick,3ca7e1ae-a3c0-6958-def2-b7b548ceeea9,66950012,0.66950012,5062,20
2018-08-02T04:00:05.953315Z,XBTUSD,Sell,1000,7650.5,ZeroMinusTick,de017e30-8c81-05f4-43c4-670184cae60c,13071000,0.13071,1000,4
2018-08-02T12:00:09.376886Z,XBTUSD,Sell,10000,7564,ZeroMinusTick,6d9ba08e-d177-e60d-00c2-cb63e8c01a26,132210000,1.3221,10000,12
2018-08-02T20:00:06.370403Z,XBTUSD,Sell,954,7541.5,ZeroMinusTick,ed66f80a-883a-c68f-c596-665ea30bf068,12650040,0.1265004,954,20
2018-08-03T04:00:04.463900Z,XBTUSD,Sell,200,7330,ZeroMinusTick,b59b9b50-be6b-2a40-24ca-b21ed72034db,2728600,0.027286,200,4
2018-08-03T12:00:09.009119Z,XBTUSD,Sell,1,7359,ZeroMinusTick,b074d3e4-43c6-44ff-fc66-f873344db7a0,13589,1.3589e-4,1,12
2018-08-03T20:00:04.906755Z,XBTUSD,Buy,4868,7376,ZeroPlusTick,2288ec5c-6013-711f-6473-c4a9926c20f3,65995476,0.65995476,4868,20
2018-08-04T04:00:06.914582Z,XBTUSD,Buy,1000,7455,PlusTick,5ac00fd1-1dfe-c29b-e48b-80780b555dc4,13414000,0.13414,1000,4
2018-08-04T12:00:08.812829Z,XBTUSD,Buy,10,7399.5,ZeroPlusTick,23ae270a-0133-691f-2466-cbf742d1fae3,135140,0.0013514,10,12
2018-08-04T20:00:04.892115Z,XBTUSD,Buy,1403,6989,ZeroPlusTick,c107e7c6-c75f-cafe-515a-0d919e790f5e,20074124,0.20074124,1403,20
2018-08-05T04:00:06.642565Z,XBTUSD,Sell,4000,7005.5,MinusTick,f909ae44-cb3f-7939-2d74-5fc995ad6228,57096000,0.57096,4000,4
2018-08-05T12:00:09.021199Z,XBTUSD,Buy,183,7022,PlusTick,0ef99c4c-d6d9-fa39-47db-c192042cdde1,2606103,0.02606103,183,12
2018-08-05T20:00:05.881916Z,XBTUSD,Sell,400,7013,ZeroMinusTick,a43234de-47da-10e1-18ae-e8cc73331d0a,5703600,0.057036,400,20
2018-08-06T04:00:04.456378Z,XBTUSD,Sell,7,7093.5,ZeroMinusTick,7892da9c-1dcd-9e67-4a2f-49b8763b64e0,98679,9.8679e-4,7,4
2018-08-06T12:00:06.874073Z,XBTUSD,Buy,32234,6976.5,ZeroPlusTick,e43e5024-e71e-f530-76e3-f9f85c61be49,462042156,4.62042156,32234,12
2018-08-06T20:00:04.952702Z,XBTUSD,Buy,1,6940,PlusTick,e79d0492-7db3-b293-6e70-6006ac67b1f0,14409,1.4409e-4,1,20
2018-08-07T04:00:04.535388Z,XBTUSD,Buy,4,6927.5,PlusTick,69069fa9-f6f7-2776-a2c2-aec5ba620437,57740,5.774e-4,4,4
2018-08-07T12:00:08.919281Z,XBTUSD,Sell,180,7084.5,ZeroMinusTick,a255aafd-a613-3919-659f-79f7f572db9e,2540700,0.025407,180,12
2018-08-07T20:00:04.625422Z,XBTUSD,Sell,1000,7003,MinusTick,fa9258aa-2b83-aab6-cee7-d1eb66e8c3af,14280000,0.1428,1000,20
2018-08-08T04:00:05.043953Z,XBTUSD,Sell,20000,6587,ZeroMinusTick,c4183c66-2786-0dcb-fd9c-00d2e8618a94,303620000,3.0362,20000,4
2018-08-08T12:00:11.058691Z,XBTUSD,Sell,10500,6504.5,ZeroMinusTick,9e4faadd-5839-cba9-5e11-4d5120315d08,161427000,1.61427,10500,12
2018-08-08T20:00:04.278998Z,XBTUSD,Buy,46,6331,PlusTick,45bf1973-76c9-c27c-686d-7f8cd5d77756,726570,0.0072657,46,20
2018-08-09T04:00:05.817131Z,XBTUSD,Sell,30000,6320,ZeroMinusTick,716a4342-ca5a-ca1a-5cb8-3bc2afdd4fe9,474690000,4.7469,30000,4
2018-08-09T12:00:09.170344Z,XBTUSD,Sell,10000,6320,ZeroMinusTick,cbc194f5-b74f-ad25-6a28-7d4e05b38696,158230000,1.5823,10000,12
2018-08-09T20:00:05.469050Z,XBTUSD,Sell,1386,6473.5,ZeroMinusTick,28fc8a99-1de7-e2bc-516c-4eefca3e8a71,21410928,0.21410928,1386,20
2018-08-10T04:00:06.418056Z,XBTUSD,Buy,10,6466.5,PlusTick,2a6ba9b6-b233-d735-0ff1-396ce27cc091,154640,0.0015464,10,4
2018-08-10T12:00:21.120774Z,XBTUSD,Sell,137636,6334,MinusTick,9d6b3bfa-c0b4-0608-8e19-9e37050255b4,2172997168,21.72997168,137636,12
2018-08-10T20:00:04.887442Z,XBTUSD,Buy,5,6400,PlusTick,306b66af-16b9-42af-50f8-0365d5ab1881,78125,7.8125e-4,5,20
2018-08-11T04:00:04.033573Z,XBTUSD,Sell,1,6109.5,MinusTick,ac41b921-96c8-f35b-e9c4-b179e77577ad,16368,1.6368e-4,1,4
2018-08-11T12:00:11.028095Z,XBTUSD,Sell,166,6114,ZeroMinusTick,3945c401-9c5c-1345-c3ab-ca055f18d126,2715096,0.02715096,166,12
2018-08-11T20:00:05.999634Z,XBTUSD,Buy,781,6395.5,ZeroPlusTick,a8a98983-c607-374a-79c0-c2aaf23d6f53,12211716,0.12211716,781,20
2018-08-12T04:00:05.740010Z,XBTUSD,Buy,93,6282.5,ZeroPlusTick,bfba2f42-8799-b0b8-7a17-85e54bdcbb5b,1480281,0.01480281,93,4
2018-08-12T12:00:08.310263Z,XBTUSD,Buy,500,6344,ZeroPlusTick,47fcf63f-196b-120c-1a93-77378a319eb6,7881500,0.078815,500,12
2018-08-12T20:00:05.961367Z,XBTUSD,Buy,84,6324,PlusTick,39efa95e-8b63-8226-245f-b82097ae3101,1328292,0.01328292,84,20
2018-08-13T04:00:05.274924Z,XBTUSD,Sell,100,6344,MinusTick,38facba7-b2b4-7513-5968-a42971233e5f,1576300,0.015763,100,4
2018-08-13T12:00:12.062610Z,XBTUSD,Sell,6432,6444.5,ZeroMinusTick,8896de0f-d543-7ca7-e899-cf7a219b612d,99805344,0.99805344,6432,12
2018-08-13T20:00:07.653712Z,XBTUSD,Sell,10,6234.5,ZeroMinusTick,b54f2199-c17a-678b-3438-a073f7e943bb,160400,0.001604,10,20
2018-08-14T04:00:06.902753Z,XBTUSD,Sell,323,5968,MinusTick,6c74fd49-c003-01f7-facb-2509271b831b,5412188,0.05412188,323,4
2018-08-14T12:00:10.383244Z,XBTUSD,Buy,1,6010,PlusTick,a25d17cd-b3cf-8a0e-a7f3-4b0a3b07f770,16639,1.6639e-4,1,12
2018-08-14T20:00:04.769661Z,XBTUSD,Sell,2245,6090,ZeroMinusTick,06403def-cfc1-dfbc-453c-6b6ecbe86ee4,36862900,0.368629,2245,20
2018-08-15T04:00:04.569156Z,XBTUSD,Sell,30,6286,ZeroMinusTick,c81a4da6-6d4e-2dfc-6b57-441cfaa82566,477240,0.0047724,30,4
2018-08-15T12:00:08.444366Z,XBTUSD,Buy,1000,6350.5,PlusTick,0895355f-fed2-d862-4e8c-4d40536657e7,15747000,0.15747,1000,12
2018-08-15T20:00:05.649500Z,XBTUSD,Buy,200,6382.5,PlusTick,c9e94108-d23d-3a46-d6fd-7272dae75f38,3133600,0.031336,200,20
2018-08-16T04:00:08.662081Z,XBTUSD,Sell,6400,6271.5,ZeroMinusTick,1c45e343-af44-57a2-ab63-faab4dfa1d85,102048000,1.02048,6400,4
2018-08-16T12:00:08.896088Z,XBTUSD,Buy,30,6435,ZeroPlusTick,6f7f937b-9268-2675-a0bc-4bb2b8ced892,466200,0.004662,30,12
2018-08-16T20:00:05.875740Z,XBTUSD,Sell,100,6406.5,ZeroMinusTick,6d5e2ddd-9788-356a-1f13-81dc3499d23c,1560900,0.015609,100,20
2018-08-17T04:00:06.357087Z,XBTUSD,Sell,1,6417,ZeroMinusTick,d73762c5-d660-ee29-36d6-f68178cf8dc5,15584,1.5584e-4,1,4
2018-08-17T12:00:11.980396Z,XBTUSD,Buy,2000,6465,ZeroPlusTick,fa901a79-b0e7-b783-d1ae-5f3af20644ab,30936000,0.30936,2000,12
2018-08-17T20:00:05.167408Z,XBTUSD,Sell,157105,6494.5,ZeroMinusTick,5a98bde6-813b-cd52-2808-3ec8d88c2330,2419102790,24.1910279,157105,20
2018-08-18T04:00:05.977499Z,XBTUSD,Sell,10000,6515.5,MinusTick,e9db0816-6fa2-6fb3-1659-f4147d074c3d,153480000,1.5348,10000,4
2018-08-18T12:00:09.442480Z,XBTUSD,Buy,2000,6504,PlusTick,e658ddab-c4c9-1f37-aabd-aa6c8af8d250,30750000,0.3075,2000,12
2018-08-18T20:00:04.837337Z,XBTUSD,Sell,10,6367.5,MinusTick,5af806fb-bf3f-8c7c-e669-0663620db843,157050,0.0015705,10,20
2018-08-19T04:00:04.030489Z,XBTUSD,Sell,4000,6340.5,MinusTick,712dda09-0e35-1ecb-db74-dc340275d0e0,63088000,0.63088,4000,4
2018-08-19T12:00:09.880537Z,XBTUSD,Sell,1194,6425,ZeroMinusTick,508e1c75-565b-4c12-f635-3c83f639ee9d,18583416,0.18583416,1194,12
2018-08-19T20:00:06.196569Z,XBTUSD,Sell,278,6376,ZeroMinusTick,1cd793fc-b11a-3cab-65f8-168ae4449e63,4360152,0.04360152,278,20
2018-08-20T04:00:05.943120Z,XBTUSD,Buy,10,6493,ZeroPlusTick,859fc9a0-4c42-bc2c-90ab-cf73350f2309,154010,0.0015401,10,4
2018-08-20T12:00:11.839231Z,XBTUSD,Buy,2979,6448.5,ZeroPlusTick,ce6e3e30-bb38-de10-dffa-45e6446fd04b,46195353,0.46195353,2979,12
2018-08-20T20:00:05.815516Z,XBTUSD,Buy,6445,6444,ZeroPlusTick,5541e212-52da-cb14-91b7-eac1463fb434,100013510,1.0001351,6445,20
2018-08-21T04:00:05.775038Z,XBTUSD,Buy,50,6304.5,ZeroPlusTick,77156d96-3282-4a8d-8561-35e852fb705d,793100,0.007931,50,4
2018-08-21T12:00:12.227372Z,XBTUSD,Sell,10,6437,ZeroMinusTick,9cc48237-263e-5beb-e005-a2d712273516,155350,0.0015535,10,12
2018-08-21T20:00:05.636106Z,XBTUSD,Buy,77202,6432,ZeroPlusTick,b106428d-e582-b080-6687-df17d3570f83,1200259494,12.00259494,77202,20
2018-08-22T04:00:05.954648Z,XBTUSD,Buy,1,6726.5,ZeroPlusTick,c18ebe1c-7776-80ac-65b6-b6d019bef45b,14867,1.4867e-4,1,4
2018-08-22T12:00:09.812200Z,XBTUSD,Buy,2,6667.5,PlusTick,55babb1a-b4a1-7c28-6df3-f069790c468a,29996,2.9996e-4,2,12
2018-08-22T20:00:04.891448Z,XBTUSD,Sell,41,6427.5,ZeroMinusTick,d1fde73b-c77f-14d2-e69d-fe8bf85eafc1,637878,0.00637878,41,20
2018-08-23T04:00:07.011011Z,XBTUSD,Sell,2400,6395.5,ZeroMinusTick,c85678f1-9a00-33d7-f663-217c0a81eef2,37526400,0.375264,2400,4
2018-08-23T12:00:09.539227Z,XBTUSD,Sell,12977,6406.5,ZeroMinusTick,251a66c2-1d7d-764d-3e0e-0f93bd89d9ec,202557993,2.02557993,12977,12
2018-08-23T20:00:04.747518Z,XBTUSD,Sell,32500,6416,ZeroMinusTick,2c0fdff5-6dc9-0357-3ac4-edea72654adc,506545000,5.06545,32500,20
2018-08-24T04:00:04.860949Z,XBTUSD,Sell,5,6491.5,ZeroMinusTick,ee0061a9-ef7a-8077-f1c4-0c63139355a3,77025,7.7025e-4,5,4
2018-08-24T12:00:10.044492Z,XBTUSD,Buy,5000,6527,PlusTick,8d30d738-2000-e791-56d7-cfe7e8ce34d6,76605000,0.76605,5000,12
2018-08-24T20:00:05.917291Z,XBTUSD,Buy,7000,6615,ZeroPlusTick,95068694-58dd-714b-4e3d-21d52bb91725,105819000,1.05819,7000,20
2018-08-25T04:00:05.360378Z,XBTUSD,Sell,1,6726.5,MinusTick,4edf8a7a-a325-3be5-4592-527ae69df1cc,14867,1.4867e-4,1,4
2018-08-25T12:00:11.498827Z,XBTUSD,Sell,1000,6703,ZeroMinusTick,20ed4106-5c03-0bac-e175-0ac43c5d2669,14919000,0.14919,1000,12
2018-08-25T20:00:06.560488Z,XBTUSD,Buy,5000,6707,ZeroPlusTick,21374da5-5171-ba4c-749e-89755f5b7970,74550000,0.7455,5000,20
2018-08-26T04:00:05.842229Z,XBTUSD,Buy,10000,6617.5,ZeroPlusTick,93215373-dcd6-2781-f855-0d2a83e830d8,151110000,1.5111,10000,4
2018-08-26T12:00:13.402953Z,XBTUSD,Sell,500,6686.5,ZeroMinusTick,8e6005c4-751a-ed91-155d-c898d4db597c,7478000,0.07478,500,12
2018-08-26T20:00:05.720972Z,XBTUSD,Sell,8581,6692.5,MinusTick,2f2bd8eb-1974-9083-ac29-1a7ba32de167,128217302,1.28217302,8581,20
2018-08-27T04:00:06.682363Z,XBTUSD,Sell,2325,6668,MinusTick,1b34d850-5cb7-87b5-0f83-f9910c418755,34868025,0.34868025,2325,4
2018-08-27T12:00:07.799005Z,XBTUSD,Buy,10000,6704.5,PlusTick,e7762e51-0b8e-ef53-1886-d20a839e7bbf,149150000,1.4915,10000,12
2018-08-27T20:00:04.920202Z,XBTUSD,Sell,6000,6734,ZeroMinusTick,938a8b66-78b1-a577-8f6b-851c6ee70bc6,89100000,0.891,6000,20
2018-08-28T04:00:04.456990Z,XBTUSD,Sell,5000,6876.5,MinusTick,262d9ab7-beaa-1d3a-c65b-778dc5009716,72710000,0.7271,5000,4
2018-08-28T12:00:09.037303Z,XBTUSD,Buy,50,7025,ZeroPlusTick,607ee066-95d0-0f36-450f-2fd6dadcc567,711750,0.0071175,50,12
2018-08-28T20:00:04.976189Z,XBTUSD,Sell,7094,7094,ZeroMinusTick,22b97f57-4663-d0e2-b95c-ab3814ab15ee,99997024,0.99997024,7094,20
2018-08-29T04:00:06.568905Z,XBTUSD,Buy,660,7046.5,ZeroPlusTick,437888a0-eb21-da7d-78fc-f898d0beb684,9366060,0.0936606,660,4
2018-08-29T12:00:08.424252Z,XBTUSD,Buy,2400,7085,ZeroPlusTick,1c04cba6-7424-36dd-611d-3c7953be65f6,33873600,0.338736,2400,12
2018-08-29T20:00:08.830301Z,XBTUSD,Sell,1000,7000,ZeroMinusTick,d4be26ea-a6b1-cebf-491c-930f9bfd7e7f,14286000,0.14286,1000,20
2018-08-30T04:00:05.176185Z,XBTUSD,Sell,1779,7021,ZeroMinusTick,56738b22-48b3-9090-2dd6-8c5e4d6df8d8,25338297,0.25338297,1779,4
2018-08-30T12:00:08.758965Z,XBTUSD,Buy,5,6877,ZeroPlusTick,0bd0c3af-fe1b-87e1-846c-84d3f0085c80,72705,7.2705e-4,5,12
2018-08-30T20:00:05.351070Z,XBTUSD,Sell,6814,6815.5,ZeroMinusTick,9874f068-fa38-ef7b-264a-3980869f4aed,99975008,0.99975008,6814,20
2018-08-31T04:00:05.716978Z,XBTUSD,Buy,14965,6965.5,ZeroPlusTick,40e71bd6-f8f1-7981-03ad-68a36525b1ce,214837540,2.1483754,14965,4
2018-08-31T12:00:11.060236Z,XBTUSD,Buy,16,6968,ZeroPlusTick,1005170e-3913-99d7-3499-b385871d0900,229616,0.00229616,16,12
2018-08-31T20:00:08.264598Z,XBTUSD,Sell,87374,7043.5,MinusTick,a260d964-8c9a-6485-4aae-e72e92ddfe77,1240448678,12.40448678,87374,20
2018-09-01T04:00:05.920989Z,XBTUSD,Buy,1000,7062,ZeroPlusTick,2ffeb42e-968c-9b95-b038-eba69dfdc7fa,14160000,0.1416,1000,4
2018-09-01T12:00:10.133322Z,XBTUSD,Sell,9000,7062,MinusTick,5b9a5087-123a-f6fe-053c-3a3f832f9d1e,127440000,1.2744,9000,12
2018-09-01T20:00:05.067577Z,XBTUSD,Buy,204,7258,PlusTick,b1ddd469-8fae-6e25-93e3-d175e17fd6f7,2810712,0.02810712,204,20
2018-09-02T04:00:04.622495Z,XBTUSD,Buy,5,7189,ZeroPlusTick,93436d2f-1f83-c019-3f86-81aab3516f8d,69550,6.955e-4,5,4
2018-09-02T12:00:11.835250Z,XBTUSD,Sell,10,7232,MinusTick,cfbd992a-b1fe-48f0-7131-8f25449f325f,138270,0.0013827,10,12
2018-09-02T20:00:04.826861Z,XBTUSD,Buy,2650,7307.5,PlusTick,1b38ac16-7b05-568d-d967-106551cb4ac3,36265250,0.3626525,2650,20
2018-09-03T04:00:06.627995Z,XBTUSD,Buy,25,7257.5,ZeroPlusTick,ecae6530-d647-2c1f-eb26-59a42b7f168a,344475,0.00344475,25,4
2018-09-03T12:00:09.803390Z,XBTUSD,Sell,5060,7225.5,MinusTick,40a0ff0b-b0b2-c5d6-0323-91ed04f49f79,70030400,0.700304,5060,12
2018-09-03T20:00:04.784102Z,XBTUSD,Sell,300,7310,ZeroMinusTick,9d5d8b1e-e970-4e43-8618-398ce36c58b9,4104000,0.04104,300,20
2018-09-04T04:00:08.236806Z,XBTUSD,Sell,3000,7268.5,ZeroMinusTick,1d2d1864-4826-92b4-e4b2-5868c349f4b1,41274000,0.41274,3000,4
2018-09-04T12:00:09.868095Z,XBTUSD,Buy,250,7329.5,PlusTick,b07055e7-5364-e1d6-e32a-c7347e94d60e,3410750,0.0341075,250,12
2018-09-04T20:00:07.432163Z,XBTUSD,Sell,7094,7345.5,MinusTick,7ce71963-4c41-27b7-546f-e5462fd43e4b,96577716,0.96577716,7094,20
2018-09-05T04:00:07.718230Z,XBTUSD,Sell,3000,7366,MinusTick,4b3a2089-53eb-185a-f24b-32c142285490,40728000,0.40728,3000,4
2018-09-05T12:00:14.487686Z,XBTUSD,Buy,17000,6989.5,ZeroPlusTick,a28a3bf8-60e3-4528-1374-54e063b62b59,243219000,2.43219,17000,12
2018-09-05T20:00:05.944391Z,XBTUSD,Buy,3500,6903.5,ZeroPlusTick,2a4c07b2-5e51-703e-4b36-5d00c98f5e99,50697500,0.506975,3500,20
2018-09-06T04:00:07.766899Z,XBTUSD,Sell,5,6409,ZeroMinusTick,b23dd21d-1afa-5265-1155-74bf0180bbff,78015,7.8015e-4,5,4
2018-09-06T12:00:12.329810Z,XBTUSD,Sell,4,6398.5,MinusTick,0d09a76a-166d-c526-5c1d-f7f2b6722dad,62516,6.2516e-4,4,12
2018-09-06T20:00:06.396607Z,XBTUSD,Sell,3100,6455,ZeroMinusTick,87fd9604-ee53-ec6f-0294-62aaade35441,48025200,0.480252,3100,20
2018-09-07T04:00:05.634987Z,XBTUSD,Sell,141,6486.5,ZeroMinusTick,064917f0-13a3-d78b-fe3b-9ed22a60b091,2173797,0.02173797,141,4
2018-09-07T12:00:13.550223Z,XBTUSD,Buy,11509,6366.5,ZeroPlusTick,764cd48c-cd4a-3971-1083-d2cf8b69009d,180771863,1.80771863,11509,12
2018-09-07T20:00:07.720355Z,XBTUSD,Buy,6418,6417.5,PlusTick,4d7b4a48-41a3-485b-2dec-4f19e648e504,100005276,1.00005276,6418,20
2018-09-08T04:00:07.348363Z,XBTUSD,Sell,20000,6410,MinusTick,4b4fecc5-4454-9861-0703-fef655f33b65,312020000,3.1202,20000,4
2018-09-08T12:00:11.032979Z,XBTUSD,Sell,137,6427.5,ZeroMinusTick,8d80b313-85bd-004d-deba-1da06d4d5427,2131446,0.02131446,137,12
2018-09-08T20:00:06.290910Z,XBTUSD,Buy,100000,6175,PlusTick,414960a7-fab5-6ca7-3e4e-b6c95b99177a,1619400000,16.194,100000,20
2018-09-09T04:00:07.367681Z,XBTUSD,Buy,100,6169,ZeroPlusTick,2110ae13-a825-7a1f-eeb8-2494b7e88514,1621000,0.01621,100,4
2018-09-09T12:00:13.907496Z,XBTUSD,Sell,660,6372,ZeroMinusTick,e9af0f0d-ead2-cbfa-7015-a014ee8c1903,10358040,0.1035804,660,12
2018-09-09T20:00:08.967416Z,XBTUSD,Sell,132,6376,MinusTick,48bdee0d-aede-18ab-5c5e-b3b4e9e1ee2d,2070288,0.02070288,132,20
2018-09-10T04:00:06.138090Z,XBTUSD,Sell,5000,6303,ZeroMinusTick,4095204a-be59-04d4-5e28-745f066a2dde,79325000,0.79325,5000,4
2018-09-10T12:00:08.000341Z,XBTUSD,Buy,50000,6300,PlusTick,371d8ae6-f151-7284-5689-cef461853493,793650000,7.9365,50000,12
2018-09-10T20:00:04.135380Z,XBTUSD,Sell,100,6289,ZeroMinusTick,f0bba721-7e5f-670b-fe7e-3bb09a3da17e,1590100,0.015901,100,20
2018-09-11T04:00:05.941997Z,XBTUSD,Sell,5000,6343.5,ZeroMinusTick,4779ac6e-a464-5064-8f6c-3e63542204cd,78820000,0.7882,5000,4
2018-09-11T12:00:12.574147Z,XBTUSD,Buy,1917,6262.5,ZeroPlusTick,7d95d606-1517-f780-9f1d-2ad907c2f9fa,30610656,0.30610656,1917,12
2018-09-11T20:00:04.166829Z,XBTUSD,Sell,479,6262.5,ZeroMinusTick,8296e1e3-45d7-a47e-e64c-d0b10027c035,7648672,0.07648672,479,20
2018-09-12T04:00:06.061506Z,XBTUSD,Buy,30000,6258,PlusTick,2207d8d6-43c3-4fad-e558-98fe319b1b4e,479400000,4.794,30000,4
2018-09-12T12:00:13.201068Z,XBTUSD,Sell,119,6230.5,MinusTick,053fa3cb-4634-6cac-2f8b-2beb0b67e605,1909950,0.0190995,119,12
2018-09-12T20:00:07.364389Z,XBTUSD,Sell,315,6298.5,ZeroMinusTick,e7700a8f-1d9e-4276-1276-c2f10dfd478b,5001255,0.05001255,315,20
2018-09-13T04:00:07.449666Z,XBTUSD,Sell,1500,6379.5,ZeroMinusTick,61c92725-84ba-1735-8f98-64cbeaf9f6c9,23512500,0.235125,1500,4
2018-09-13T12:00:10.742012Z,XBTUSD,Buy,20,6453,ZeroPlusTick,937fe534-282f-8adf-8acf-706d13a40961,309940,0.0030994,20,12
2018-09-13T20:00:05.884176Z,XBTUSD,Sell,6446,6446,MinusTick,36dea4a8-9f4b-c191-b858-4ab7451e921f,99996798,0.99996798,6446,20
2018-09-14T04:00:04.670023Z,XBTUSD,Sell,333,6546.5,ZeroMinusTick,d41718fd-1bac-b483-fb30-99d3b51f0c24,5086575,0.05086575,333,4
2018-09-14T12:00:08.676845Z,XBTUSD,Sell,54,6458.5,ZeroMinusTick,28b460cd-8469-a0c3-bb42-7ab06b196470,836082,0.00836082,54,12
2018-09-14T20:00:06.259944Z,XBTUSD,Sell,2000,6528,MinusTick,10d71968-56cd-1af1-f1e9-62beb53933be,30638000,0.30638,2000,20
2018-09-15T04:00:06.088408Z,XBTUSD,Buy,300,6491.5,ZeroPlusTick,0fbb8bb3-71a0-b815-b03c-c0cd11430070,4621500,0.046215,300,4
2018-09-15T12:00:13.728996Z,XBTUSD,Sell,122,6516.5,ZeroMinusTick,4e58ed89-e2f4-14f3-e06a-014142e988c2,1872212,0.01872212,122,12
2018-09-15T20:00:06.952725Z,XBTUSD,Buy,20,6530,ZeroPlusTick,5dd5e037-4232-653a-3afb-f2e2ed6b3256,306280,0.0030628,20,20
2018-09-16T04:00:08.222646Z,XBTUSD,Sell,820,6488.5,ZeroMinusTick,e8ba61e7-2d13-2f85-667f-cc9224b9cd40,12637840,0.1263784,820,4
2018-09-16T12:00:13.311829Z,XBTUSD,Sell,117,6493,MinusTick,7d6bced7-2fc6-c8a7-35e6-c4cafea409c9,1801917,0.01801917,117,12
2018-09-16T20:00:04.611245Z,XBTUSD,Sell,800,6496.5,MinusTick,2c7f0b2d-71f1-eacf-3d7c-620060c37bbd,12314400,0.123144,800,20
2018-09-17T04:00:04.776322Z,XBTUSD,Sell,117,6508.5,MinusTick,48c21962-2a80-23c1-7cbe-b11ef3918c93,1797705,0.01797705,117,4
2018-09-17T12:00:09.091915Z,XBTUSD,Sell,307,6469,MinusTick,b5dec819-754a-d789-bb7f-ba87e3200b99,4745606,0.04745606,307,12
2018-09-17T20:00:06.944879Z,XBTUSD,Sell,1200,6264,MinusTick,8f485eb0-3000-0b4c-ee42-00c46dfee58e,19156800,0.191568,1200,20
2018-09-18T04:00:05.524879Z,XBTUSD,Buy,2774,6233,PlusTick,a9ae0c0c-e9cb-0ac6-c89e-e5e08186a37d,44506056,0.44506056,2774,4
2018-09-18T12:00:09.821586Z,XBTUSD,Buy,6899,6280.5,PlusTick,546fcd3c-80fd-4743-9356-6baa9085d63b,109845878,1.09845878,6899,12
2018-09-18T20:00:04.599024Z,XBTUSD,Buy,20,6304,ZeroPlusTick,9db43ec1-837a-d133-8b4c-bb3d160fee9e,317260,0.0031726,20,20
2018-09-19T04:00:07.129499Z,XBTUSD,Buy,2250,6346.5,PlusTick,86dd1315-2f0e-45b7-8885-300765ee125a,35453250,0.3545325,2250,4
2018-09-19T12:00:12.079478Z,XBTUSD,Sell,1000,6282,ZeroMinusTick,66f5dc39-afc3-e0e1-1644-83c59f802532,15918000,0.15918,1000,12
2018-09-19T20:00:07.021478Z,XBTUSD,Sell,2500,6401.5,MinusTick,824b00c9-1f46-0cf5-6d78-4eb3528339f5,39052500,0.390525,2500,20
2018-09-20T04:00:07.428113Z,XBTUSD,Buy,112,6398.5,PlusTick,a0cfb2d9-60d1-8b75-06e7-d0e0610f9e77,1750448,0.01750448,112,4
2018-09-20T12:00:11.345675Z,XBTUSD,Sell,75,6421,ZeroMinusTick,4c433c1d-8a03-7e38-9ce9-2c1cb8a9ea6d,1168050,0.0116805,75,12
2018-09-20T20:00:07.539572Z,XBTUSD,Buy,112,6415.5,ZeroPlusTick,392e90b3-8a49-6f05-d2c3-d20fd2b133a0,1745744,0.01745744,112,20
2018-09-21T04:00:07.854270Z,XBTUSD,Buy,5000,6544,ZeroPlusTick,04b42114-ca6d-c424-91bc-bf5f77b114ca,76405000,0.76405,5000,4
2018-09-21T12:00:25.659425Z,XBTUSD,Sell,18342,6739,ZeroMinusTick,20a946d3-fa9f-bd8f-9388-b3bbe00b80fd,272176938,2.72176938,18342,12
2018-09-21T20:00:09.317414Z,XBTUSD,Buy,2000,6747.5,ZeroPlusTick,26adfd66-58a3-b2f1-0e4b-1a7c3d75010f,29640000,0.2964,2000,20
2018-09-22T04:00:08.617250Z,XBTUSD,Buy,1428,6730,ZeroPlusTick,af40b475-e236-3d91-6404-6a2453c668e1,21218652,0.21218652,1428,4
2018-09-22T12:00:19.126992Z,XBTUSD,Sell,596,6658.5,MinusTick,d8b7c540-2dab-c1e6-8efe-b259638f2d6c,8950728,0.08950728,596,12
2018-09-22T20:00:07.070204Z,XBTUSD,Buy,13,6714,ZeroPlusTick,1406c5c9-0c7e-c295-6bad-63fe0e96155b,193622,0.00193622,13,20
2018-09-23T04:00:06.906404Z,XBTUSD,Sell,100,6697,MinusTick,5a0e371f-b62f-cbd5-d1b0-def16a74a78c,1493200,0.014932,100,4
2018-09-23T12:00:14.510850Z,XBTUSD,Buy,91,6741,ZeroPlusTick,48bdec4d-80f4-03fb-fc9b-2fd0e7e9df60,1349985,0.01349985,91,12
2018-09-23T20:00:06.861917Z,XBTUSD,Sell,1,6679,MinusTick,4bdabbae-53c7-ff07-e437-281aff05eb3e,14972,1.4972e-4,1,20
2018-09-24T04:00:08.329412Z,XBTUSD,Buy,1,6706.5,ZeroPlusTick,207d0f96-1a1f-7c71-7ef6-82a0ea835635,14911,1.4911e-4,1,4
2018-09-24T12:00:18.663267Z,XBTUSD,Sell,4000,6582,ZeroMinusTick,f3ee91e3-f65d-2af5-81e2-98ae1e28a4a6,60772000,0.60772,4000,12
2018-09-24T20:00:06.148192Z,XBTUSD,Sell,1600,6621.5,ZeroMinusTick,9303d30d-9362-6fa7-eb00-532483a67ef4,24163200,0.241632,1600,20
2018-09-25T04:00:13.231481Z,XBTUSD,Buy,1,6457.5,ZeroPlusTick,c42fedcf-37b6-1e9d-4e08-98c66c1ef94c,15486,1.5486e-4,1,4
2018-09-25T12:00:22.103948Z,XBTUSD,Sell,1000,6391.5,MinusTick,afb497cd-f359-304b-90bf-a94ab455bbd9,15646000,0.15646,1000,12
2018-09-25T20:00:12.760713Z,XBTUSD,Buy,9000,6358.5,PlusTick,83fd24da-f51c-f5df-3150-8a26447df0ec,141543000,1.41543,9000,20
2018-09-26T04:00:07.023919Z,XBTUSD,Buy,2017,6378,ZeroPlusTick,b3e09556-aa53-8d95-d7de-acd72a84e889,31624543,0.31624543,2017,4
2018-09-26T12:00:13.633311Z,XBTUSD,Sell,3789,6510.5,ZeroMinusTick,404f42ba-3858-1193-44f7-0a4b7af510ba,58199040,0.5819904,3789,12
2018-09-26T20:00:11.137231Z,XBTUSD,Buy,1,6486,PlusTick,43255067-090e-6be1-0ce3-2adf9a3f62a7,15418,1.5418e-4,1,20
2018-09-27T04:00:07.916286Z,XBTUSD,Sell,10,6495,MinusTick,fdaa59d8-4eb1-8845-56eb-d37e923fc4db,153960,0.0015396,10,4
2018-09-27T12:00:10.070950Z,XBTUSD,Sell,20000,6475.5,ZeroMinusTick,145f4dd9-fc47-0ad6-dd80-aee4d5c61b24,308860000,3.0886,20000,12
2018-09-27T20:00:08.687570Z,XBTUSD,Sell,1350,6660,MinusTick,e1a6a9ca-0fb9-e1b0-851c-9b8e647a5a11,20270250,0.2027025,1350,20
2018-09-28T04:00:07.725068Z,XBTUSD,Buy,10,6698.5,ZeroPlusTick,937eedae-bcc1-5f48-8315-a48126c01795,149290,0.0014929,10,4
2018-09-28T12:01:49.409158Z,XBTUSD,Sell,650,6641.5,ZeroMinusTick,00cfa454-c9c8-545b-aaed-33e545f86fe5,9787050,0.0978705,650,12
2018-09-28T20:00:04.864243Z,XBTUSD,Buy,1000,6678.5,ZeroPlusTick,2f8539aa-94ae-8113-d42a-efef338a07e4,14973000,0.14973,1000,20
2018-09-29T04:00:08.996611Z,XBTUSD,Buy,488,6485,ZeroPlusTick,fd4d6538-289c-1a54-ebd1-7a3e53067b6f,7524960,0.0752496,488,4
2018-09-29T12:00:10.796499Z,XBTUSD,Sell,5128,6572,ZeroMinusTick,8348dca2-8f98-fb06-9ada-d26806961222,78027648,0.7802765,5128,12
2018-09-29T20:00:09.740062Z,XBTUSD,Sell,3010,6568.5,ZeroMinusTick,31f493db-2ae8-0d37-314c-3260147590b3,45824240,0.4582424,3010,20
2018-09-30T04:00:09.508301Z,XBTUSD,Sell,5000,6564,MinusTick,eb0e10cd-8723-371d-4908-3c5f929617e0,76175000,0.76175,5000,4
2018-09-30T12:00:12.738576Z,XBTUSD,Buy,1,6615.5,ZeroPlusTick,9e061f31-dd50-159f-e1b4-522b85225f3e,15116,1.5116e-4,1,12
2018-09-30T20:00:08.968062Z,XBTUSD,Buy,16671,6585,ZeroPlusTick,c2725a6d-4ffd-2bf3-34e2-522ad22dce04,253165806,2.531658,16671,20
2018-10-01T04:00:12.823360Z,XBTUSD,Sell,6100,6618,ZeroMinusTick,04f45c27-1d6a-ab58-155a-57a4b501b389,92171000,0.92171,6100,4
2018-10-01T12:00:11.735504Z,XBTUSD,Buy,457,6574,ZeroPlusTick,94fbecb6-4a1d-7948-39a8-d130db2f9bbe,6951427,0.06951427,457,12
2018-10-01T20:00:07.119591Z,XBTUSD,Sell,6558,6558.5,MinusTick,afed5797-4253-532f-e851-6a6e5e1f2c04,99989826,0.9998983,6558,20
2018-10-02T04:00:07.213623Z,XBTUSD,Sell,500,6568,ZeroMinusTick,3ee08feb-1a28-157b-b7e1-7ed0339e1ca9,7612500,0.076125,500,4
2018-10-02T12:00:09.760426Z,XBTUSD,Sell,1,6542.5,ZeroMinusTick,da328678-2da7-e2f5-079a-ae3d1a3a12b7,15285,1.5285e-4,1,12
2018-10-02T20:00:07.625859Z,XBTUSD,Sell,1,6525.5,ZeroMinusTick,73f815e1-6e31-4679-9dca-ae9ca34cc767,15324,1.5324e-4,1,20
2018-10-03T04:00:06.754502Z,XBTUSD,Buy,200,6425,PlusTick,f99e409e-d4f6-6055-e945-a55d9bd2d668,3112800,0.031128,200,4
2018-10-03T12:00:13.460355Z,XBTUSD,Sell,15,6453.5,ZeroMinusTick,4ba083dc-3ccc-7976-c666-0524f879e2d8,232425,0.00232425,15,12
2018-10-03T20:00:06.023887Z,XBTUSD,Buy,2880,6433.5,ZeroPlusTick,86ca9dd4-6532-62ba-3095-210ad7ccad20,44766720,0.4476672,2880,20
2018-10-04T04:00:05.242598Z,XBTUSD,Sell,100,6561.5,MinusTick,a3462c51-08bd-e53f-e655-b732cbef1ae1,1524000,0.01524,100,4
2018-10-04T12:00:09.630171Z,XBTUSD,Sell,5370,6534,MinusTick,d04ebbe7-95b3-c0b7-35f2-78e0e25fdff8,82187850,0.8218785,5370,12
2018-10-04T20:00:06.124220Z,XBTUSD,Buy,69,6565.5,ZeroPlusTick,8d387950-ae4d-d678-e8e9-2b1dd59dcd6a,1050939,0.01050939,69,20
2018-10-05T04:00:04.572740Z,XBTUSD,Buy,20000,6540,PlusTick,b5f63612-55af-a6db-524c-5b81c8753aba,305820000,3.0582,20000,4
2018-10-05T12:00:12.164131Z,XBTUSD,Sell,1,6543.5,ZeroMinusTick,2bef5e72-dda2-b1fe-c094-1c47bb28287a,15282,1.5282e-4,1,12
2018-10-05T20:00:07.258999Z,XBTUSD,Sell,5375,6546.5,MinusTick,bbe7b1d0-eaa2-0344-c524-f40a4f8872e4,82103125,0.8210312,5375,20
2018-10-06T04:00:06.911933Z,XBTUSD,Sell,8,6561.5,ZeroMinusTick,7ec8ed75-9b55-1d31-8159-6bb7d3559786,121920,0.0012192,8,4
2018-10-06T12:00:12.661427Z,XBTUSD,Sell,120000,6550.5,MinusTick,63c73568-e973-99c9-9325-89fac60fe943,1831920000,18.3192,120000,12
2018-10-06T20:00:05.640244Z,XBTUSD,Buy,30,6541,PlusTick,296e6071-67a3-2dfa-7158-692c31b631d4,458640,0.0045864,30,20
2018-10-07T04:00:04.746284Z,XBTUSD,Buy,1,6554,ZeroPlusTick,20aaf35d-2e13-dfa7-1ac1-767f64791806,15258,1.5258e-4,1,4
2018-10-07T12:00:10.066341Z,XBTUSD,Sell,24,6522.5,MinusTick,a6a3320e-2799-c3f6-22b3-fcedb0708ee7,367968,0.00367968,24,12
2018-10-07T20:00:04.918532Z,XBTUSD,Buy,70,6529.5,PlusTick,4fbf1796-048c-08c9-cb0d-f248e5f7a97c,1072050,0.0107205,70,20
2018-10-08T04:00:04.724674Z,XBTUSD,Sell,70,6556,ZeroMinusTick,f048a4ac-6f9e-d815-b8f0-fbd603b54569,1067710,0.0106771,70,4
2018-10-08T12:00:08.563754Z,XBTUSD,Buy,406,6595.5,PlusTick,008b2ea5-919e-2621-7d59-c4559d501780,6155772,0.06155772,406,12
2018-10-08T20:00:08.425065Z,XBTUSD,Buy,10,6628.5,PlusTick,6ade36f1-13ab-d6cc-06e5-d7ebdc64bb1e,150860,0.0015086,10,20
2018-10-09T04:00:06.475687Z,XBTUSD,Sell,300,6603,ZeroMinusTick,9e6ae0d8-7696-1636-2866-5d09d305a845,4543500,0.045435,300,4
2018-10-09T12:00:13.020698Z,XBTUSD,Sell,10,6590,MinusTick,01eb04a7-ace7-7405-4bae-cbda113956f0,151750,0.0015175,10,12
2018-10-09T20:00:06.699941Z,XBTUSD,Buy,250,6585,ZeroPlusTick,6cf33e77-ebc0-da4e-4bce-ae3a6c2ed91d,3796500,0.037965,250,20
2018-10-10T04:00:06.370285Z,XBTUSD,Sell,1500,6539,MinusTick,4f50d8b7-17cf-7c1c-3e17-91d641708aa1,22939500,0.229395,1500,4
2018-10-10T12:00:11.158524Z,XBTUSD,Buy,1,6504,ZeroPlusTick,dec9438b-09f1-a205-4100-01be841c9681,15375,1.5375e-4,1,12
2018-10-10T20:00:05.935760Z,XBTUSD,Buy,3179,6543.5,PlusTick,5609b634-d070-607a-9023-1c4ffc9b8477,48581478,0.4858148,3179,20
2018-10-11T04:00:07.247745Z,XBTUSD,Sell,340,6220.5,ZeroMinusTick,5a464b4a-29ad-efc5-2266-efc82f66ae49,5465840,0.0546584,340,4
2018-10-11T12:00:13.589262Z,XBTUSD,Buy,42,6175,PlusTick,d5efad3b-d031-0b3b-dfb2-2d895eedc3b4,680148,0.00680148,42,12
2018-10-11T20:00:06.359218Z,XBTUSD,Buy,5000,6192.5,ZeroPlusTick,302fd254-7d20-be37-0662-c7eccc4e102d,80745000,0.80745,5000,20
2018-10-12T04:00:07.136289Z,XBTUSD,Sell,1000,6188,ZeroMinusTick,c987ad2f-9891-3455-cb34-394d6d2971ec,16160000,0.1616,1000,4
2018-10-12T12:00:13.065251Z,XBTUSD,Buy,2381,6201.5,ZeroPlusTick,84eebcb5-ebba-f567-f2ec-01daf66a0d35,38393625,0.3839362,2381,12
2018-10-12T20:00:05.685157Z,XBTUSD,Buy,1,6210,ZeroPlusTick,31421889-7d55-3710-3ef7-e5e3da4e1252,16103,1.6103e-4,1,20
2018-10-13T04:00:05.796144Z,XBTUSD,Buy,1,6177,ZeroPlusTick,b6a47630-9e7e-1f7c-9df2-0d74d6e1592f,16189,1.6189e-4,1,4
2018-10-13T12:00:10.523349Z,XBTUSD,Buy,1,6200.5,ZeroPlusTick,59f1daa0-efc4-9c21-f926-b9e3e779d689,16128,1.6128e-4,1,12
2018-10-13T20:00:07.155600Z,XBTUSD,Buy,1,6198,ZeroPlusTick,25ad4a05-6f5d-6a53-3ebc-76d909e173c0,16134,1.6134e-4,1,20
2018-10-14T04:00:06.706341Z,XBTUSD,Sell,100,6218,ZeroMinusTick,8501a9c9-a9ee-1524-3acb-5f0eac9f5269,1608200,0.016082,100,4
2018-10-14T12:00:09.953496Z,XBTUSD,Buy,14,6218,ZeroPlusTick,a9b13d1f-3cbd-f944-8bbb-c06b69d1a858,225148,0.00225148,14,12
2018-10-14T20:00:06.139541Z,XBTUSD,Buy,3,6240,PlusTick,81f437fb-adb8-8dff-3747-8aaee97dc2c6,48078,4.8078e-4,3,20
2018-10-15T04:00:11.534089Z,XBTUSD,Buy,1,6217,ZeroPlusTick,c284448a-e894-6878-f61c-a730c6796b28,16085,1.6085e-4,1,4
2018-10-15T12:00:13.050933Z,XBTUSD,Buy,10000,6418,ZeroPlusTick,a874dbfb-2a85-a002-2a39-b3a1b37de603,155810000,1.5581,10000,12
2018-10-15T20:00:07.429936Z,XBTUSD,Sell,1,6389.5,MinusTick,296afab0-2da4-84bc-38b9-f9f5975e785d,15651,1.5651e-4,1,20
2018-10-16T04:00:07.766395Z,XBTUSD,Sell,1,6423,MinusTick,913a03a7-f02c-dd3a-16bb-dbd2378707cd,15569,1.5569e-4,1,4
2018-10-16T12:00:13.754746Z,XBTUSD,Buy,1,6446.5,ZeroPlusTick,ead35e9c-fe42-4f0a-949d-9c02a6c8cdd7,15512,1.5512e-4,1,12
2018-10-16T20:00:07.530416Z,XBTUSD,Sell,300,6435,MinusTick,4c2a7284-d73b-669c-ce88-8cd0cf24a5a1,4662000,0.04662,300,20
2018-10-17T04:00:07.929061Z,XBTUSD,Buy,1,6448,ZeroPlusTick,c8ff3b61-efb9-3893-f0ba-d118113ec510,15509,1.5509e-4,1,4
2018-10-17T12:00:11.073152Z,XBTUSD,Sell,8,6433.5,MinusTick,006ab353-953e-a492-ad69-7b9440652b69,124352,0.00124352,8,12
2018-10-17T20:00:04.181034Z,XBTUSD,Buy,2,6432,PlusTick,38a53526-1d08-b3d3-71a4-f8998a4b231e,31094,3.1094e-4,2,20
2018-10-18T04:00:06.562008Z,XBTUSD,Buy,4000,6457.5,ZeroPlusTick,b272b33c-c68a-89b2-60a1-6e6c1dd4d4bd,61944000,0.61944,4000,4
2018-10-18T12:00:10.394949Z,XBTUSD,Sell,474,6435,ZeroMinusTick,3ccbf2ff-590e-1c47-a209-dd7a9152c2dc,7365960,0.0736596,474,12
2018-10-18T20:00:06.271782Z,XBTUSD,Buy,14240,6394.5,PlusTick,fd196f9a-576c-8427-53ac-42ccb1a95cfd,222685120,2.226851,14240,20
2018-10-19T04:00:04.877943Z,XBTUSD,Buy,520,6394,ZeroPlusTick,e785d92b-c23c-6b73-672d-9f9fe06a5229,8132800,0.081328,520,4
2018-10-19T12:00:11.949212Z,XBTUSD,Buy,1,6387,ZeroPlusTick,e16aebd3-9a06-998a-7b49-4c60409a5b8d,15657,1.5657e-4,1,12
2018-10-19T20:00:06.178035Z,XBTUSD,Sell,873,6388.5,ZeroMinusTick,a9ce3902-5b06-1358-3317-0cd1af339aaf,13665069,0.13665070000000001,873,20
2018-10-20T04:00:06.318111Z,XBTUSD,Sell,1,6379,MinusTick,8340a7dc-a73b-608a-e85f-d83de278a72b,15676,1.5676e-4,1,4
2018-10-20T12:00:11.721362Z,XBTUSD,Buy,72291,6408.5,ZeroPlusTick,f283047e-f19a-e419-8d75-9a259e74c51a,1128028764,11.28029,72291,12
2018-10-20T20:00:05.959898Z,XBTUSD,Buy,1,6398.5,ZeroPlusTick,d3bacb69-9c2d-7dc1-101c-f2e7873167af,15629,1.5629e-4,1,20
2018-10-21T04:00:05.924690Z,XBTUSD,Sell,1,6432,MinusTick,ed92a049-11d5-a860-aa63-704ea5db7662,15547,1.5547e-4,1,4
2018-10-21T12:00:10.897808Z,XBTUSD,Buy,23,6434,ZeroPlusTick,ced3abff-f4ae-b361-6c9e-a452cd39615c,357466,0.00357466,23,12
2018-10-21T20:00:06.845789Z,XBTUSD,Sell,161,6432.5,MinusTick,e47d4d9b-e8e2-874d-137b-fa1342e646fd,2502906,0.02502906,161,20
2018-10-22T04:00:05.914067Z,XBTUSD,Sell,2250,6412,ZeroMinusTick,5615cb41-2253-e63d-7c4c-73e895e5152a,35091000,0.35091,2250,4
2018-10-22T12:00:09.923150Z,XBTUSD,Sell,81,6405,MinusTick,13e2a825-1d06-2a2f-2815-780d2e8ed320,1264653,0.01264653,81,12
2018-10-22T20:00:08.064651Z,XBTUSD,Sell,6388,6390,MinusTick,3d92de5c-7383-4b11-1aae-267c3aa85755,99965812,0.9996581,6388,20
2018-10-23T04:00:06.755099Z,XBTUSD,Sell,50,6397,ZeroMinusTick,1a8e5eb3-9e97-e48a-67bc-b29cd4335bb3,781600,0.007816,50,4
2018-10-23T12:00:10.821691Z,XBTUSD,Buy,1,6379,PlusTick,82550adb-4554-698d-0c4b-a08be5d26594,15676,1.5676e-4,1,12
2018-10-23T20:00:04.743787Z,XBTUSD,Sell,641,6404,MinusTick,1faf237d-cc44-fb1e-d977-8a2bb5dc148d,10009215,0.1000922,641,20
2018-10-24T04:00:05.774650Z,XBTUSD,Buy,200,6413.5,ZeroPlusTick,be13d0fa-f93c-8500-3c29-09947f5bfcc7,3118400,0.031184,200,4
2018-10-24T12:00:09.614029Z,XBTUSD,Buy,20,6433.5,ZeroPlusTick,ee9cb89c-7b57-b5c9-8a23-a4e327ef0c10,310880,0.0031088,20,12
2018-10-24T20:00:05.587808Z,XBTUSD,Sell,1,6422.5,ZeroMinusTick,62122ea5-d68d-a0e3-ecdb-cdb9b4687c05,15570,1.557e-4,1,20
2018-10-25T04:00:05.414030Z,XBTUSD,Sell,13,6390.5,MinusTick,1e71ce4d-4ed1-ef1b-71db-eb10ccb22530,203424,0.00203424,13,4
2018-10-25T12:00:09.921700Z,XBTUSD,Buy,13,6397,ZeroPlusTick,5805a3af-a3eb-ece2-6736-df35e86a7908,203216,0.00203216,13,12
2018-10-25T20:00:06.035261Z,XBTUSD,Buy,92,6413.5,ZeroPlusTick,3525df7c-4d57-4733-4860-903e7adefdc5,1434464,0.01434464,92,20
2018-10-26T04:00:06.031210Z,XBTUSD,Sell,5000,6393,ZeroMinusTick,2e87545b-a20c-a2da-c163-f6ffc8f53ad7,78210000,0.7821,5000,4
2018-10-26T12:00:08.348011Z,XBTUSD,Sell,5,6415,ZeroMinusTick,7d377cdb-088a-c7f6-bd61-6ea3f95e5373,77940,7.794e-4,5,12
2018-10-26T20:00:06.006345Z,XBTUSD,Sell,1,6408.5,ZeroMinusTick,fc4bfbb6-56d7-59a7-bee3-b91a845a4864,15604,1.5604e-4,1,20
2018-10-27T04:00:04.632568Z,XBTUSD,Sell,851,6415.5,MinusTick,e7aed13e-e8d9-23b3-89b8-ca4ca95ce783,13264537,0.1326454,851,4
2018-10-27T12:00:10.435899Z,XBTUSD,Sell,29,6403.5,MinusTick,bdd4cf6e-1d36-74f3-7e11-15593dfaf2e2,452864,0.00452864,29,12
2018-10-27T20:00:05.665515Z,XBTUSD,Buy,1,6403.5,ZeroPlusTick,c6d32e45-6f5c-d547-da76-636d83d920b6,15616,1.5616e-4,1,20
2018-10-28T04:00:04.957035Z,XBTUSD,Buy,17,6405,ZeroPlusTick,a627877e-350c-25dc-7459-8c629aaf9ba7,265421,0.00265421,17,4
2018-10-28T12:00:10.478327Z,XBTUSD,Sell,19,6403.5,ZeroMinusTick,5bed736b-e82d-8bf7-b109-9ff4ec79da50,296704,0.00296704,19,12
2018-10-28T20:00:04.961887Z,XBTUSD,Sell,1731,6400,MinusTick,ce3e09ab-a7f4-b75e-6f2f-8a29e26f08df,27046875,0.2704687,1731,20
2018-10-29T04:00:05.556941Z,XBTUSD,Buy,50,6412.5,PlusTick,a8be08bb-2cb1-6b89-1d9a-64f6b947889c,779750,0.0077975,50,4
2018-10-29T12:00:11.726330Z,XBTUSD,Buy,40,6341.5,ZeroPlusTick,21eea858-a1a4-ba38-b7b9-4d1667409595,630760,0.0063076,40,12
2018-10-29T20:00:08.181267Z,XBTUSD,Sell,400,6243.5,ZeroMinusTick,19835a79-00f7-a6ef-0154-8aef27cac966,6406800,0.064068,400,20
2018-10-30T04:00:06.677061Z,XBTUSD,Buy,160,6271.5,ZeroPlusTick,5d95bfb6-1656-7cbf-e613-f2b08533461f,2551200,0.025512,160,4
2018-10-30T12:00:08.044739Z,XBTUSD,Buy,297,6267.5,PlusTick,581ccf99-8e05-9cf6-2998-bf3c56c474e5,4738635,0.04738635,297,12
2018-10-30T20:00:05.612138Z,XBTUSD,Buy,100,6259,ZeroPlusTick,5dbfc7a4-f77c-b8bb-bfcb-6bdb0208c798,1597700,0.015977,100,20
2018-10-31T04:00:04.068149Z,XBTUSD,Buy,20,6271,PlusTick,d0fc3fc2-29e6-b541-3f68-d030e70c612a,318920,0.0031892,20,4
2018-10-31T12:00:08.417469Z,XBTUSD,Buy,10000,6266,PlusTick,f1111b72-0e8d-b438-4ded-32c2cd5c7ee6,159590000,1.5959,10000,12
2018-10-31T20:00:05.721439Z,XBTUSD,Sell,1000,6307,MinusTick,f69ecf29-d5fe-5bcd-380c-e8817e67ff3b,15855000,0.15855,1000,20
2018-11-01T04:00:04.548881Z,XBTUSD,Buy,90,6302.5,ZeroPlusTick,3a2dd194-a32d-7f08-5ce1-0a4048a1e5e8,1428030,0.0142803,90,4
2018-11-01T12:00:10.297909Z,XBTUSD,Buy,7000,6308,ZeroPlusTick,455f6c80-a6b0-7c96-0ab2-4dc1a48f78ed,110971000,1.10971,7000,12
2018-11-01T20:00:05.414543Z,XBTUSD,Sell,10,6319,ZeroMinusTick,7c9a4f9e-c834-21c1-ee58-d61fdfecb8db,158250,0.0015825,10,20
2018-11-02T04:00:05.211781Z,XBTUSD,Sell,3,6356.5,MinusTick,ea7bf7f4-aed4-5082-682c-fffcea8a197e,47196,4.7196e-4,3,4
2018-11-02T12:00:08.556840Z,XBTUSD,Buy,4000,6345.5,PlusTick,94d2f043-0d54-acf0-e60b-de9cf6b2d1be,63036000,0.63036,4000,12
2018-11-02T20:00:05.242194Z,XBTUSD,Sell,6354,6356,MinusTick,b7f96a2d-2427-cc62-d657-4a5fa00115ed,99967482,0.9996748,6354,20
2018-11-03T04:00:07.567459Z,XBTUSD,Sell,2882,6341,ZeroMinusTick,20ff6e42-8198-dc5d-6234-b56483542f53,45449140,0.4544914,2882,4
2018-11-03T12:00:10.875553Z,XBTUSD,Sell,746,6330,MinusTick,c7952692-6d56-c685-33f9-a790ace9f58f,11785308,0.1178531,746,12
2018-11-03T20:00:04.480334Z,XBTUSD,Buy,2,6334,PlusTick,f1eac673-8b7b-160d-f7dd-55ff1e093e91,31576,3.1576e-4,2,20
2018-11-04T04:00:04.727548Z,XBTUSD,Buy,202,6329,PlusTick,04fc382a-c6ec-5a57-1767-bb8b38c2f9b0,3191600,0.031916,202,4
2018-11-04T12:00:10.426926Z,XBTUSD,Sell,400,6343.5,ZeroMinusTick,cf26f241-76bd-cc86-8883-df2e897e81f5,6305600,0.063056,400,12
2018-11-04T20:00:06.037387Z,XBTUSD,Sell,7028,6428,MinusTick,53eeecca-775b-2d0c-a560-edc0af6a1378,109334596,1.093346,7028,20
2018-11-05T04:00:06.402873Z,XBTUSD,Sell,120,6416,ZeroMinusTick,a76cc304-4ac3-64a4-f760-b3afd30c261d,1870320,0.0187032,120,4
2018-11-05T12:00:11.283533Z,XBTUSD,Sell,1500,6407.5,ZeroMinusTick,bd68a298-5d87-08ff-d4d7-61706d8fa637,23410500,0.234105,1500,12
2018-11-05T20:00:06.768248Z,XBTUSD,Buy,50000,6388,PlusTick,70ba5183-7e1f-2a78-957e-4d3336555e9e,782700000,7.827,50000,20
2018-11-06T04:00:05.984729Z,XBTUSD,Sell,1,6393.5,MinusTick,992b0ff0-d87a-9a03-797f-95a18d0d2518,15641,1.5641e-4,1,4
2018-11-06T12:00:08.537698Z,XBTUSD,Buy,29168,6401,ZeroPlusTick,ce3414cf-7fe7-8b63-3020-d378956eb276,455691664,4.556917,29168,12
2018-11-06T20:00:07.928647Z,XBTUSD,Buy,233,6420.5,PlusTick,b0412813-a8ea-59e7-8a56-4ffe9307e740,3628975,0.03628975,233,20
2018-11-07T04:00:06.223288Z,XBTUSD,Sell,200,6518,ZeroMinusTick,a08b1e63-a385-fa9e-497b-730c84a1d924,3068400,0.030684,200,4
2018-11-07T12:00:12.768054Z,XBTUSD,Buy,5529,6505.5,PlusTick,a857489e-df85-ccae-c3e7-f5cab4e31771,84991788,0.8499179,5529,12
2018-11-07T20:00:05.228787Z,XBTUSD,Sell,3000,6513.5,ZeroMinusTick,7b5b8d57-d64e-338d-0040-4ecba715a492,46059000,0.46059,3000,20
2018-11-08T04:00:04.778655Z,XBTUSD,Sell,371890,6454.5,MinusTick,d178c9ee-0427-c84a-6f6a-bbb267a7e2a8,5761691770,57.61692,371890,4
2018-11-08T12:00:12.625617Z,XBTUSD,Buy,1000,6461,PlusTick,55ce100a-7dbf-8f8e-bb3d-54ee08a1de50,15477000,0.15477,1000,12
2018-11-08T20:00:04.995959Z,XBTUSD,Buy,25,6415,PlusTick,75c1c2f4-147e-58b1-6213-29c741fddb23,389700,0.003897,25,20
2018-11-09T04:00:09.152286Z,XBTUSD,Sell,1,6413.5,MinusTick,9e393f13-8a72-14d3-f396-0fde65bd38fb,15592,1.5592e-4,1,4
2018-11-09T12:00:09.772459Z,XBTUSD,Buy,8940,6351.5,PlusTick,5783a049-abf5-f8bf-82ab-406619688a5c,140751360,1.407514,8940,12
2018-11-09T20:00:04.749661Z,XBTUSD,Buy,100,6343,ZeroPlusTick,f8efda0f-e5f9-d28d-78f7-1354226acb7b,1576500,0.015765,100,20
2018-11-10T04:00:07.196966Z,XBTUSD,Sell,893,6340,ZeroMinusTick,6f59faec-cf76-7430-40d3-42a5a1a46703,14085289,0.1408529,893,4
2018-11-10T12:00:09.070608Z,XBTUSD,Buy,309,6354.5,ZeroPlusTick,90be8dad-e7ef-34e5-8656-3aa4c4ef157d,4862733,0.04862733,309,12
2018-11-10T20:00:06.735827Z,XBTUSD,Buy,1000,6364,ZeroPlusTick,a75b69cd-9393-7795-1c69-aeb148a9ae14,15713000,0.15713,1000,20
2018-11-11T04:00:06.922315Z,XBTUSD,Buy,1,6352,PlusTick,edd765a5-7357-c9c3-3e01-bdba656ff655,15743,1.5743e-4,1,4
2018-11-11T12:00:10.772752Z,XBTUSD,Sell,1,6341,ZeroMinusTick,40edfce4-40ac-6636-2995-02311f028258,15770,1.577e-4,1,12
2018-11-11T20:00:06.989797Z,XBTUSD,Sell,118,6327.5,MinusTick,4514bb2b-4962-0b56-61b2-2e934e5f676e,1864872,0.01864872,118,20
2018-11-12T04:00:06.623949Z,XBTUSD,Sell,15000,6361,ZeroMinusTick,6ede2805-acc6-e51b-d75a-d643c1638242,235815000,2.35815,15000,4
2018-11-12T12:00:11.216639Z,XBTUSD,Sell,13191,6355,MinusTick,438782d6-fbd6-2b22-96f5-a4acebfd8a22,207573576,2.075736,13191,12
2018-11-12T20:00:06.819202Z,XBTUSD,Sell,33515,6347.5,ZeroMinusTick,03ce19ee-0270-c814-35c5-588c533dd11b,527995310,5.279953,33515,20
2018-11-13T04:00:06.544669Z,XBTUSD,Sell,119605,6299.5,MinusTick,148aea3f-4fda-aa12-9cf8-c86bb5948fbf,1898609770,18.9861,119605,4
2018-11-13T12:00:09.708208Z,XBTUSD,Buy,250,6290.5,ZeroPlusTick,30012241-53b1-ffff-431c-5494a457dca6,3974250,0.0397425,250,12
2018-11-13T20:00:10.145246Z,XBTUSD,Buy,500,6272,ZeroPlusTick,faf831d6-8b36-8b87-d251-d6409b0c3c44,7972000,0.07972,500,20
2018-11-14T04:00:07.098232Z,XBTUSD,Sell,690,6265.5,MinusTick,3d04db72-a010-a498-2af3-0e1cb07dd9b7,11012400,0.110124,690,4
2018-11-14T12:00:10.397716Z,XBTUSD,Buy,500,6204,ZeroPlusTick,02b31f94-b8bf-007c-aa6a-8e2fc80531a7,8059500,0.080595,500,12
2018-11-14T20:00:07.916031Z,XBTUSD,Sell,20,5500,MinusTick,ca6c77ad-8f7b-f674-91d4-c0ba3f35bada,363640,0.0036364,20,20
2018-11-15T04:00:05.502990Z,XBTUSD,Sell,500,5563,PlusTick,dc1ac12f-67ba-7c27-9071-cc0c3210f215,8988000,0.08988,500,4
2018-11-15T12:00:10.908000Z,XBTUSD,Sell,2500,5410.5,ZeroMinusTick,637fea7f-76f7-0194-dcbb-918cb720f68a,46207500,0.462075,2500,12
2018-11-15T20:00:05.253707Z,XBTUSD,Buy,400,5531,PlusTick,7bc48a33-4435-65d1-3773-7fcfd1193501,7232000,0.07232,400,20
2018-11-16T04:00:05.928433Z,XBTUSD,Buy,2800,5568,PlusTick,74a987ac-4bed-4432-fad7-373f4c1beaf9,50288000,0.50288,2800,4
2018-11-16T12:00:10.162400Z,XBTUSD,Sell,4,5543.5,ZeroMinusTick,092ad8cf-d39d-c1d8-7b0f-67ecc9a38460,72156,7.2156e-4,4,12
2018-11-16T20:00:06.973253Z,XBTUSD,Sell,400,5508,ZeroMinusTick,b75e01d5-dbe4-1c7d-7380-a488cbd4d791,7262000,0.07262,400,20
2018-11-17T04:00:06.867208Z,XBTUSD,Sell,2708,5466,ZeroMinusTick,e89093f6-bdfe-b5df-dc70-541cb7b2a65c,49542860,0.4954286,2708,4
2018-11-17T12:00:10.587099Z,XBTUSD,Sell,11000,5488,MinusTick,66af69f7-afdb-b38d-dcb0-fb5916a9e267,200442000,2.00442,11000,12
2018-11-17T20:00:09.430171Z,XBTUSD,Sell,3139,5490.5,MinusTick,17e52070-7ae9-a659-0b91-56649095d8b9,57170607,0.5717061,3139,20
2018-11-18T04:00:06.636125Z,XBTUSD,Sell,5170,5543,MinusTick,fb4a81c8-843e-d102-d8b5-d428abf48b00,93271970,0.9327197,5170,4
2018-11-18T12:00:13.393885Z,XBTUSD,Buy,50,5513.5,ZeroMinusTick,264443b1-f0e1-80f3-b74d-7e433e910a18,906850,0.0090685,50,12
2018-11-18T20:00:03.428313Z,XBTUSD,Sell,1,5567.5,MinusTick,26a60204-e373-974e-9276-322e7419d73e,17961,1.7961e-4,1,20
2018-11-19T04:00:04.667925Z,XBTUSD,Sell,2700,5512,ZeroMinusTick,0b8560c5-56d1-9d5b-6a13-bc529f46cae2,48983400,0.489834,2700,4
2018-11-19T12:00:09.274162Z,XBTUSD,Sell,50,5252,ZeroMinusTick,bc11be06-a205-4129-7f13-777f3cd3144f,952000,0.00952,50,12
2018-11-19T20:00:07.640903Z,XBTUSD,Buy,4000,4959,PlusTick,6e096373-1b38-9f3d-07ed-4ef7980bc071,80660000,0.8066,4000,20
2018-11-20T04:00:09.258859Z,XBTUSD,Sell,1074,4802.5,ZeroMinusTick,4071b865-59ea-469e-eab0-17847d85b776,22362828,0.2236283,1074,4
2018-11-20T12:00:11.974872Z,XBTUSD,Buy,20,4323.5,PlusTick,c1da041e-cc4b-8ab6-d5b3-888f6185c0c5,462580,0.0046258,20,12
2018-11-20T20:00:06.398119Z,XBTUSD,Sell,530,4500.5,ZeroMinusTick,5b470d3d-3472-8ea9-d9fb-ae8d2d29035c,11776600,0.117766,530,20
2018-11-21T04:00:06.182950Z,XBTUSD,Sell,304,4441,MinusTick,de707c2f-a924-b658-d0c9-6fdd11fb9174,6845168,0.06845168,304,4
2018-11-21T12:00:08.800809Z,XBTUSD,Sell,9000,4496,MinusTick,b8be9f8b-00fb-2e2a-61a4-a17b4029d45c,200178000,2.00178,9000,12
2018-11-21T20:00:06.929028Z,XBTUSD,Sell,2547,4405,ZeroMinusTick,20b6debe-abba-9d2e-7549-10dad525db8a,57819447,0.5781945,2547,20
2018-11-22T04:00:06.080862Z,XBTUSD,Buy,400,4524.5,PlusTick,5ca4e235-adb3-3b4a-34a1-98c099c937a8,8840800,0.088408,400,4
2018-11-22T12:00:08.926092Z,XBTUSD,Buy,10000,4451,PlusTick,71724d05-7bd4-db96-de27-d012bc63690c,224670000,2.2467,10000,12
2018-11-22T20:00:07.004431Z,XBTUSD,Sell,4000,4400,ZeroMinusTick,dc9f7bf4-672b-19e0-18e6-2a846b83a453,90908000,0.90908,4000,20
2018-11-23T04:00:06.506468Z,XBTUSD,Sell,5000,4210.5,ZeroMinusTick,4c9bd368-1f58-eeff-572e-bf13645db619,118750000,1.1875,5000,4
2018-11-23T12:00:08.634738Z,XBTUSD,Buy,660,4291,ZeroPlusTick,84ee523e-dbb3-feb2-f257-556d06d9d50c,15381300,0.153813,660,12
2018-11-23T20:00:04.546978Z,XBTUSD,Sell,10000,4233.5,ZeroMinusTick,dfce515d-f6d8-0336-b149-df0be7a8ef6c,236210000,2.3621,10000,20
2018-11-24T04:00:04.705312Z,XBTUSD,Sell,47,4298.5,MinusTick,fbf63368-25fe-7e8c-65cd-75ba5d133d99,1093408,0.01093408,47,4
2018-11-24T12:00:08.003394Z,XBTUSD,Sell,30,4259,MinusTick,8dee5e38-5a3f-510e-a5a9-058ff6322081,704400,0.007044,30,12
2018-11-24T20:00:04.508744Z,XBTUSD,Buy,10820,4132.5,ZeroPlusTick,95f4f1a1-dc38-5934-ed2f-dbe3aed75ac2,261822360,2.618224,10820,20
2018-11-25T04:00:06.426902Z,XBTUSD,Buy,3839,3630.5,ZeroPlusTick,e9f8d035-14a8-968c-9d42-e1273aed973a,105741416,1.057414,3839,4
2018-11-25T12:00:10.658638Z,XBTUSD,Sell,1500,3775,PlusTick,54721423-f9ec-2fcc-3643-1043f605bef4,39735000,0.39735,1500,12
2018-11-25T20:00:08.875348Z,XBTUSD,Sell,60,3794,MinusTick,edc45552-6179-749f-66aa-05d53645ff88,1581420,0.0158142,60,20
2018-11-26T04:00:06.608044Z,XBTUSD,Buy,500,3980,PlusTick,fcbd63d5-517d-573f-7e83-0e63cbad79a4,12563000,0.12563,500,4
2018-11-26T12:00:07.788969Z,XBTUSD,Sell,93,3925,MinusTick,28a2ea2a-1fbd-045f-39c0-d950c1db9a6e,2369454,0.02369454,93,12
2018-11-26T20:00:08.673191Z,XBTUSD,Sell,10000,3776,MinusTick,ed28a2cd-62b7-42f3-dd25-115a6e75320a,264830000,2.6483,10000,20
2018-11-27T04:00:06.481851Z,XBTUSD,Sell,2822,3680.5,MinusTick,cf2be6d5-7d6c-f36b-1821-546f4c055926,76673740,0.7667374,2822,4
2018-11-27T12:00:09.030198Z,XBTUSD,Sell,331,3651.5,ZeroMinusTick,39e44c47-2b0b-dd41-1f7e-dd7bc1e6cc42,9064766,0.09064766,331,12
2018-11-27T20:00:06.631549Z,XBTUSD,Sell,307,3716,ZeroMinusTick,5682ab52-2d7f-d527-dc2f-ff54ae3f0f63,8261677,0.08261677,307,20
2018-11-28T04:00:09.048606Z,XBTUSD,Buy,4197,3839.5,ZeroPlusTick,c3c1767f-0013-72ce-3825-a814b8f65d6d,109310865,1.093109,4197,4
2018-11-28T12:00:11.008705Z,XBTUSD,Sell,12768,4006.5,ZeroMinusTick,1c8710fa-61fe-5706-6b29-bf164e79ebc7,318676512,3.186765,12768,12
2018-11-28T20:00:06.126423Z,XBTUSD,Sell,30,4272.5,MinusTick,6d45e7cc-3ebc-8b02-71da-99ae035d30ae,702180,0.0070218,30,20
2018-11-29T04:00:05.946824Z,XBTUSD,Sell,15000,4134,MinusTick,e47c3567-0667-9937-2df8-f9175bf87e04,362850000,3.6285,15000,4
2018-11-29T12:00:08.272372Z,XBTUSD,Sell,500,4340.5,PlusTick,13d0e7fe-824d-4dd2-c6fd-5f2129879996,11519500,0.115195,500,12
2018-11-29T20:00:06.539764Z,XBTUSD,Buy,2500,4184,ZeroPlusTick,d3efb092-bba4-c56b-4ede-8c569ef9377c,59752500,0.597525,2500,20
2018-11-30T04:00:07.304387Z,XBTUSD,Sell,700,4254.5,MinusTick,7db8eb04-2def-8338-bb3e-81e021fec9c4,16453500,0.164535,700,4
2018-11-30T12:00:21.182713Z,XBTUSD,Buy,1192,3937.5,PlusTick,16777734-2f7e-1eb9-6569-e6ea38b0c220,30273224,0.3027322,1192,12
2018-11-30T20:00:04.435333Z,XBTUSD,Buy,251,3959.5,PlusTick,14fea918-dd15-eb55-d988-4c7bd11fa382,6339256,0.06339256,251,20
2018-12-01T04:00:06.016298Z,XBTUSD,Buy,6000,3965.5,PlusTick,2760ad03-4cc4-d54f-283a-70906a52f86a,151308000,1.51308,6000,4
2018-12-01T12:00:11.795338Z,XBTUSD,Sell,7,4133.5,ZeroMinusTick,d74ffa5d-c0f2-bca4-ed71-1f86bcaaa4cf,169351,0.00169351,7,12
2018-12-01T20:00:08.947018Z,XBTUSD,Buy,5000,4234.5,PlusTick,a8abdb81-e5b6-73a2-b5f4-6b9acb2886e1,118080000,1.1808,5000,20
2018-12-02T04:00:06.724274Z,XBTUSD,Sell,19308,4135,ZeroMinusTick,8145dd5d-b70a-9140-4776-6c402163b850,466944672,4.669447,19308,4
2018-12-02T12:00:10.859529Z,XBTUSD,Sell,2000,4067.5,MinusTick,9edbd06b-ad0a-d841-62e0-69be8eed354e,49170000,0.4917,2000,12
2018-12-02T20:00:06.921690Z,XBTUSD,Sell,250,4114.5,MinusTick,95d6e6e6-91e0-8b3a-3f0e-43b55eeb8129,6076000,0.06076,250,20
2018-12-03T04:00:07.003282Z,XBTUSD,Sell,1,3950,MinusTick,de7d9c38-110e-7141-e22d-48877d267221,25316,2.5316e-4,1,4
2018-12-03T12:00:07.019310Z,XBTUSD,Buy,500,3966.5,ZeroPlusTick,bdaa6929-b44e-ab23-25ff-7fe82def35e0,12605500,0.126055,500,12
2018-12-03T20:00:04.346377Z,XBTUSD,Sell,4,3814.5,ZeroMinusTick,1d0b776a-4dad-4db3-1d39-a316a9f6005e,104864,0.00104864,4,20
2018-12-04T04:00:05.669467Z,XBTUSD,Buy,4000,3812,PlusTick,d4bbe08c-e0c4-bd18-96f9-fdc4f238b929,104932000,1.04932,4000,4
2018-12-04T12:00:08.281615Z,XBTUSD,Buy,290,3954.5,ZeroPlusTick,f8e08472-2b2c-5357-3acd-a4c1410a86dd,7333520,0.0733352,290,12
2018-12-04T20:00:05.789170Z,XBTUSD,Buy,5000,3909.5,PlusTick,36ce3b80-6a40-8006-c355-d6f2a13070fd,127895000,1.27895,5000,20
2018-12-05T04:00:05.734966Z,XBTUSD,Sell,1500,3834.5,ZeroMinusTick,f910998e-d099-070a-a9f5-505d0e25784b,39118500,0.391185,1500,4
2018-12-05T12:00:12.677462Z,XBTUSD,Sell,4851,3869,ZeroMinusTick,8080847a-ba3c-32e1-6bf9-9ec21d44d631,125378946,1.253789,4851,12
2018-12-05T20:00:06.776763Z,XBTUSD,Sell,500,3694.5,ZeroMinusTick,27e27020-ec6e-79dc-dd6f-ed8f878193d4,13533500,0.135335,500,20
2018-12-06T04:00:06.212013Z,XBTUSD,Sell,15000,3711,ZeroMinusTick,2643fda2-fb76-a265-e1e2-632bfd8cf0b4,404205000,4.04205,15000,4
2018-12-06T12:00:09.850065Z,XBTUSD,Sell,1000,3773.5,ZeroMinusTick,6635daab-21c5-ef82-faae-f88444409453,26501000,0.26501,1000,12
2018-12-06T20:00:09.251446Z,XBTUSD,Buy,2000,3632,ZeroPlusTick,0f99f051-fc33-cd9f-ca50-4d096789ba7a,55066000,0.55066,2000,20
2018-12-07T04:00:06.039335Z,XBTUSD,Buy,100,3320,PlusTick,a3982df6-6963-b7cd-bcf0-edda0dbe408f,3012000,0.03012,100,4
2018-12-07T12:00:21.964905Z,XBTUSD,Sell,250,3378,MinusTick,f6b3ac6d-73ac-bae4-5d87-27ae6dea05df,7400750,0.0740075,250,12
2018-12-07T20:00:07.770265Z,XBTUSD,Sell,2000,3465.5,MinusTick,3e72c9e9-cbbc-0d56-d0a0-361fda54b15d,57712000,0.57712,2000,20
2018-12-08T04:00:04.823748Z,XBTUSD,Sell,540,3440,MinusTick,563eab84-eb12-3ebe-8f3c-4432e20b3549,15697800,0.156978,540,4
2018-12-08T12:00:11.717080Z,XBTUSD,Sell,4498,3412.5,ZeroMinusTick,8361aea3-2b74-711e-382a-ae6868a18ae0,131809392,1.318094,4498,12
2018-12-08T20:00:05.820291Z,XBTUSD,Sell,1000,3355,MinusTick,0265ce80-0822-9930-3eee-6a47b870e405,29806000,0.29806,1000,20
2018-12-09T04:00:05.825581Z,XBTUSD,Buy,350,3401,ZeroPlusTick,c33ae302-90d0-17ff-239d-0f9238e60ce8,10291050,0.1029105,350,4
2018-12-09T12:00:11.645509Z,XBTUSD,Sell,3386,3420,ZeroMinusTick,c3ec5def-0c71-efb7-c7dc-0d683c871765,99006640,0.9900664,3386,12
2018-12-09T20:00:09.281547Z,XBTUSD,Sell,500,3559.5,MinusTick,8751abe9-1287-b946-0438-b19559be7e1d,14047000,0.14047,500,20
2018-12-10T04:00:07.922988Z,XBTUSD,Sell,10000,3533.5,ZeroMinusTick,2785e4ef-bd76-2422-a2ed-17c83cafb114,283010000,2.8301,10000,4
2018-12-10T12:00:11.948379Z,XBTUSD,Buy,200,3489.5,PlusTick,7de79d09-f4a8-8257-d4c3-be09a7584b10,5731400,0.057314,200,12
2018-12-10T20:00:04.854568Z,XBTUSD,Buy,1330,3373,PlusTick,3fbc45b2-d929-ae44-849d-ee6fbe5c5cef,39430510,0.3943051,1330,20
2018-12-11T04:00:03.735625Z,XBTUSD,Buy,4280,3385,PlusTick,be5eee60-0ba4-edd6-755f-e2ad9effefea,126439760,1.264398,4280,4
2018-12-11T12:00:07.455765Z,XBTUSD,Sell,5718,3344,ZeroMinusTick,eabc3925-4a1d-5cb4-0397-bbcefb0a7060,170991072,1.709911,5718,12
2018-12-11T20:00:06.324400Z,XBTUSD,Sell,400,3330.5,ZeroMinusTick,ce6831f4-454e-6be4-5970-a2694f874cf4,12010400,0.120104,400,20
2018-12-12T04:00:04.763640Z,XBTUSD,Sell,1000,3339,ZeroMinusTick,ba73aeea-283a-0ca7-493c-4ec8c9dc3966,29949000,0.29949,1000,4
2018-12-12T12:00:07.363891Z,XBTUSD,Sell,65,3412,ZeroMinusTick,9a37b9e7-917d-ff8a-95f2-4ef50caf66cb,1905020,0.0190502,65,12
2018-12-12T20:00:06.177963Z,XBTUSD,Sell,1000,3429.5,ZeroMinusTick,8855ac3d-ad27-f986-8ecb-eb8e457b861a,29159000,0.29159,1000,20
2018-12-13T04:00:04.843402Z,XBTUSD,Buy,2500,3385,ZeroPlusTick,7c4eb1b6-c690-bed3-6e77-fc1f238ece55,73855000,0.73855,2500,4
2018-12-13T12:00:09.373934Z,XBTUSD,Buy,3,3357.5,ZeroPlusTick,77882592-d263-3c13-1bc3-0df6da752e46,89352,8.9352e-4,3,12
2018-12-13T20:00:04.917513Z,XBTUSD,Sell,5000,3313.5,MinusTick,ef7610d3-74b2-b709-ea9c-1f632336321d,150900000,1.509,5000,20
2018-12-14T04:00:04.975056Z,XBTUSD,Sell,1500,3247,ZeroMinusTick,59f80f6c-a313-b727-26f9-047744450b27,46197000,0.46197,1500,4
2018-12-14T12:00:08.617363Z,XBTUSD,Buy,3500,3252,ZeroPlusTick,3d5a5308-781f-3898-49be-aaf3747597e6,107625000,1.07625,3500,12
2018-12-14T20:00:03.765717Z,XBTUSD,Sell,1188,3179.5,ZeroMinusTick,9d64f72a-6192-81c4-f25f-2541d44f06f7,37363788,0.3736379,1188,20
2018-12-15T04:00:04.645704Z,XBTUSD,Sell,1001,3218,ZeroMinusTick,472d184c-8ebb-5dba-cf7c-11eb33ce1963,31106075,0.3110607,1001,4
2018-12-15T12:00:09.015158Z,XBTUSD,Sell,3400,3158,MinusTick,d33eaf0d-e65e-0e28-219d-7655603afe83,107664400,1.076644,3400,12
2018-12-15T20:00:03.882395Z,XBTUSD,Sell,295,3171,ZeroMinusTick,4ffda88a-99cf-a9b1-62fb-883ca49300b8,9303120,0.0930312,295,20
2018-12-16T04:00:04.215036Z,XBTUSD,Buy,1111,3235,ZeroPlusTick,0e723c25-1179-a863-a39a-e9743006c83b,34343232,0.3434323,1111,4
2018-12-16T12:00:07.567607Z,XBTUSD,Buy,32,3235.5,PlusTick,cfbbcf87-b767-204c-c5a6-bc850c180dc5,989024,0.00989024,32,12
2018-12-16T20:00:05.591233Z,XBTUSD,Buy,8,3227.5,PlusTick,2f20646f-a0fc-8061-d6ba-563c422c4656,247872,0.00247872,8,20
2018-12-17T04:00:04.516739Z,XBTUSD,Buy,1000,3198.5,PlusTick,73d3ebbc-ccaa-3d02-d361-97a5d97232dc,31265000,0.31265,1000,4
2018-12-17T12:00:09.502386Z,XBTUSD,Sell,4605,3234,ZeroMinusTick,aa522fa0-5391-977d-a432-4bcd2ad39baa,142391205,1.423912,4605,12
2018-12-17T20:00:03.753492Z,XBTUSD,Sell,500,3530,ZeroMinusTick,9c01749f-ec61-34bd-3122-46343530713b,14164500,0.141645,500,20
2018-12-18T04:00:04.570321Z,XBTUSD,Buy,10,3530.5,PlusTick,92606771-1044-08e7-86bf-4082919093ee,283250,0.0028325,10,4
2018-12-18T12:00:08.002758Z,XBTUSD,Buy,10,3477.5,ZeroPlusTick,7b6d6b6e-25ef-96a0-a1f7-cf7bfea97d92,287560,0.0028756,10,12
2018-12-18T20:00:03.480859Z,XBTUSD,Buy,935,3521,ZeroPlusTick,b27a022e-e443-c902-f3b0-654e95d0fff8,26554935,0.2655494,935,20
2018-12-19T04:00:06.130561Z,XBTUSD,Sell,1146,3743,MinusTick,9acfb356-d200-6747-a5e6-276ac93146a2,30617682,0.3061768,1146,4
2018-12-19T12:00:07.978327Z,XBTUSD,Sell,500,3809.5,MinusTick,7f512120-0e66-e52b-c2ce-0de3a7c41789,13125000,0.13125,500,12
2018-12-19T20:00:04.366215Z,XBTUSD,Buy,60000,3759,PlusTick,b647b15f-c36d-63d4-a2b2-9502c53cec56,1596180000,15.9618,60000,20
2018-12-20T04:00:03.863422Z,XBTUSD,Sell,3000,3715,ZeroMinusTick,cdf48f6b-08af-6dfe-bc25-61e7d3624e06,80754000,0.80754,3000,4
2018-12-20T12:00:10.019562Z,XBTUSD,Sell,16100,4022,ZeroMinusTick,6bd78d9a-62a1-f4b9-ca75-42dc7337f7df,400294300,4.002943,16100,12
2018-12-20T20:00:06.865753Z,XBTUSD,Buy,4385,4044,ZeroPlusTick,f35ff31f-6893-042c-da9a-aa5f9c288ef5,108432280,1.084323,4385,20
2018-12-21T04:00:06.204440Z,XBTUSD,Sell,3495,4041.5,ZeroMinusTick,bb1d0cfb-ae7e-c300-8a32-998deba92f24,86476785,0.8647679,3495,4
2018-12-21T12:00:22.274747Z,XBTUSD,Sell,37,4018.5,MinusTick,142e9da3-1610-bd96-8817-d07feb8e58c1,920745,0.00920745,37,12
2018-12-21T20:00:06.540012Z,XBTUSD,Sell,420,3811.5,MinusTick,11d78a7b-d9f6-5a75-e1b4-9a071c505d00,11019120,0.1101912,420,20
2018-12-22T04:00:04.962404Z,XBTUSD,Sell,140,3821,ZeroMinusTick,b9e5bd25-ad69-ef4d-2893-517c86092fb9,3663940,0.0366394,140,4
2018-12-22T12:00:09.852926Z,XBTUSD,Sell,5000,3878.5,MinusTick,82764626-0ea0-a135-ecf8-a0a4b57de0a3,128915000,1.28915,5000,12
2018-12-22T20:00:06.327680Z,XBTUSD,Sell,545,3886.5,ZeroMinusTick,46cf76d6-1026-6189-ee7d-c361d4787a16,14022850,0.1402285,545,20
2018-12-23T04:00:04.719470Z,XBTUSD,Sell,9963,4008,ZeroMinusTick,1661ac40-2595-ca7c-3ad4-55f3165741e4,248576850,2.485768,9963,4
2018-12-23T12:00:08.442939Z,XBTUSD,Buy,100,4014,ZeroPlusTick,d873bf4e-8e86-6c18-3100-b8f0459a3e49,2491300,0.024913,100,12
2018-12-23T20:00:05.429105Z,XBTUSD,Sell,12500,3954.5,MinusTick,fc97f22d-faa6-744d-deb3-7f1e3c17c81d,316100000,3.161,12500,20
2018-12-24T04:00:05.498504Z,XBTUSD,Sell,2000,4173,ZeroMinusTick,b37ff94a-50fa-1e39-123c-997760f6f93d,47928000,0.47928,2000,4
2018-12-24T12:00:07.867001Z,XBTUSD,Sell,150,4135.5,MinusTick,af9af56d-bc46-cd20-3cad-1c022d9efdaf,3627150,0.0362715,150,12
2018-12-24T20:00:08.127853Z,XBTUSD,Buy,1,4024,PlusTick,aecc7451-40ab-d4b8-373c-e63c390a99c2,24851,2.4851e-4,1,20
2018-12-25T04:00:09.304984Z,XBTUSD,Buy,1000,3732.5,PlusTick,4ad76d2a-82b3-aade-c1df-a80b9de383c5,26792000,0.26792,1000,4
2018-12-25T12:00:14.581084Z,XBTUSD,Buy,200,3755,PlusTick,3c96b35d-0e95-e461-a391-5f9be03d2f61,5326200,0.053262,200,12
2018-12-25T20:00:06.635771Z,XBTUSD,Buy,5000,3736.5,PlusTick,9fed8dc0-bdd8-ecb5-53aa-6aca7727190c,133815000,1.33815,5000,20
2018-12-26T04:00:04.038480Z,XBTUSD,Buy,875,3831.5,PlusTick,7257d5bd-608f-7612-0426-7c5da1204622,22836625,0.2283662,875,4
2018-12-26T12:00:12.420343Z,XBTUSD,Buy,1000,3749,ZeroPlusTick,0064e6a0-7673-c071-5774-8302e644e6f7,26674000,0.26674,1000,12
2018-12-26T20:00:04.461675Z,XBTUSD,Buy,1000,3798.5,ZeroPlusTick,4c1b9c59-bb7f-72b1-ef13-4e1ac5b7170e,26326000,0.26326,1000,20
2018-12-27T04:00:05.350605Z,XBTUSD,Buy,114,3738,ZeroPlusTick,12553f86-1ec1-7aec-bda4-c4e91a5ec9a6,3049728,0.03049728,114,4
2018-12-27T12:00:09.493896Z,XBTUSD,Sell,1000,3745,ZeroMinusTick,4f675483-d5f3-4439-ef8c-f906a8a76f0c,26702000,0.26702,1000,12
2018-12-27T20:00:04.198958Z,XBTUSD,Buy,200,3600.5,ZeroPlusTick,fac98027-eea8-2381-d915-a3bd3658b3c0,5554800,0.055548,200,20
2018-12-28T04:00:05.381494Z,XBTUSD,Sell,18000,3598,ZeroMinusTick,d39ed80c-7a7f-51dc-bf5d-77f4b3a816b1,500274000,5.00274,18000,4
2018-12-28T12:00:08.639265Z,XBTUSD,Buy,37,3627,ZeroPlusTick,9bd0f37b-6ea7-a9a7-ab9f-3c1a6cd530e1,1020127,0.01020127,37,12
2018-12-28T20:00:06.425033Z,XBTUSD,Sell,27796,3883,ZeroMinusTick,f82e114e-b785-5bea-16e0-5c7b992fefdc,715830388,7.158304,27796,20
2018-12-29T04:00:04.425382Z,XBTUSD,Sell,200,3885,MinusTick,cc411c96-649a-6cc7-52a9-f9df07809f5d,5148000,0.05148,200,4
2018-12-29T12:00:07.707370Z,XBTUSD,Sell,41,3867,MinusTick,24e32c66-3ddc-08b8-72bf-ea341d3ccabb,1060260,0.0106026,41,12
2018-12-29T20:00:04.594812Z,XBTUSD,Sell,625,3837.5,MinusTick,7f8459ec-5c29-fa05-2439-dd989cbe0406,16286875,0.1628688,625,20
2018-12-30T04:00:03.623183Z,XBTUSD,Sell,93,3729,ZeroMinusTick,44d6159c-ec93-30f6-99fc-bb5170ee9340,2493981,0.02493981,93,4
2018-12-30T12:00:08.165008Z,XBTUSD,Buy,56,3828.5,PlusTick,3f1496d2-4599-a809-1fc9-b3ecc87dddca,1462720,0.0146272,56,12
2018-12-30T20:00:03.303285Z,XBTUSD,Sell,10,3807,MinusTick,47ffabb7-ed49-8511-2d2e-29675ed0b369,262670,0.0026267,10,20
2018-12-31T04:00:03.847505Z,XBTUSD,Sell,1,3785.5,MinusTick,beb0da37-0331-05c5-7b53-8ebee6c56177,26417,2.6417e-4,1,4
2018-12-31T12:00:06.901021Z,XBTUSD,Buy,15,3739,PlusTick,0818b56e-80ed-6c62-993e-bf5c0ba7dcb1,401175,0.00401175,15,12
2018-12-31T20:00:04.683737Z,XBTUSD,Sell,800,3686.5,ZeroMinusTick,106a2c2d-a988-bea4-f107-698bd986ff9a,21700800,0.217008,800,20
2019-01-01T04:00:04.449095Z,XBTUSD,Buy,52375,3685,ZeroPlusTick,2a6a6046-9cb3-064e-e8e5-2988d479d414,1421300375,14.213,52375,4
2019-01-01T12:00:08.082241Z,XBTUSD,Sell,10,3699,ZeroMinusTick,250871e9-4bb5-0e9a-ac2b-6d938bdf9c1e,270340,0.0027034,10,12
2019-01-01T20:00:06.953304Z,XBTUSD,Sell,5,3695.5,MinusTick,e593ae08-f6d7-4383-7ee9-608bb0a66b74,135300,0.001353,5,20
2019-01-02T04:00:04.433668Z,XBTUSD,Sell,5,3798.5,MinusTick,a32d3d53-d0e1-70de-887d-e46a85a8fe94,131630,0.0013163,5,4
2019-01-02T12:00:08.658967Z,XBTUSD,Sell,61066,3803,ZeroMinusTick,0d4d1cc7-84a9-db98-6926-24525fe5fe46,1605730470,16.0573,61066,12
2019-01-02T20:00:04.188091Z,XBTUSD,Buy,200,3842,ZeroPlusTick,454b547a-107d-21a3-ac89-8abd19309fb9,5205600,0.052056,200,20
2019-01-03T04:00:04.235005Z,XBTUSD,Sell,16000,3868.5,ZeroMinusTick,5b00c002-c140-b672-6902-336e9988a023,413600000,4.136,16000,4
2019-01-03T12:00:08.510679Z,XBTUSD,Sell,1045,3835,MinusTick,c1428301-3ae2-b77f-75a0-e952b2609c59,27249420,0.2724942,1045,12
2019-01-03T20:00:03.923830Z,XBTUSD,Sell,1500,3778.5,MinusTick,cee52fe3-1d50-61cc-2e36-f0e36198baf0,39699000,0.39699,1500,20
2019-01-04T04:00:04.845742Z,XBTUSD,Buy,8500,3800.5,PlusTick,416ef6a0-483c-869c-c8a4-c2ed0e3fddfc,223652000,2.23652,8500,4
2019-01-04T12:00:08.642299Z,XBTUSD,Buy,10,3780,ZeroPlusTick,bbbe2120-d6f5-fae0-428b-a9f825d4398c,264550,0.0026455,10,12
2019-01-04T20:00:08.406790Z,XBTUSD,Buy,4,3759.5,ZeroPlusTick,f79337dd-600a-c9e6-a4a6-3a3519eefaf6,106396,0.00106396,4,20
2019-01-05T04:00:04.763575Z,XBTUSD,Buy,279,3841,PlusTick,e4bcfb4f-818f-0828-3152-6618ba3c6b78,7263765,0.07263765,279,4
2019-01-05T12:00:09.398587Z,XBTUSD,Buy,500,3837,PlusTick,4680b96c-e35d-b9ef-2b8c-35a039a9f70c,13031000,0.13031,500,12
2019-01-05T20:00:04.956264Z,XBTUSD,Buy,367,3840.5,ZeroPlusTick,c2ab9083-4bb9-6a81-9c98-b1fea48b994f,9555946,0.09555946,367,20
2019-01-06T04:00:05.424144Z,XBTUSD,Sell,3994,3795,ZeroMinusTick,9a9d1ed7-259f-7375-d904-845586056595,105241900,1.052419,3994,4
2019-01-06T12:00:09.990771Z,XBTUSD,Sell,300,3826.5,MinusTick,30eda205-3e57-70df-8578-1da8861fefc1,7840200,0.078402,300,12
2019-01-06T20:00:05.561419Z,XBTUSD,Buy,200,4057.5,PlusTick,d58d9f6a-afbf-0c5c-a4e7-11bde56fe54f,4929200,0.049292,200,20
2019-01-07T04:00:05.281022Z,XBTUSD,Sell,28,4039,ZeroMinusTick,55aa4df9-a47d-df1e-084a-19a60275ab41,693252,0.00693252,28,4
2019-01-07T12:00:08.776834Z,XBTUSD,Buy,5000,4021,PlusTick,1464ff97-06d2-9dff-5c61-227d6fce2303,124345000,1.24345,5000,12
2019-01-07T20:00:03.799141Z,XBTUSD,Buy,300,4023.5,PlusTick,50d96704-9c0c-3834-70d4-74ed760608c2,7456200,0.074562,300,20
2019-01-08T04:00:04.008728Z,XBTUSD,Buy,10000,3981,PlusTick,abe11719-4048-0242-fb51-f94048545ddb,251190000,2.5119,10000,4
2019-01-08T12:00:09.125169Z,XBTUSD,Buy,105,4036.5,PlusTick,53798eaf-05be-c516-e2e0-d589d0463565,2601270,0.0260127,105,12
2019-01-08T20:00:05.209783Z,XBTUSD,Sell,50,4007.5,ZeroMinusTick,3068a2c6-27f2-ab0c-cd72-30d29230d53c,1247650,0.0124765,50,20
2019-01-09T04:00:06.204282Z,XBTUSD,Sell,500,4018.5,ZeroMinusTick,7ff2d74e-5786-9086-ca07-895d06d019b9,12442500,0.124425,500,4
2019-01-09T12:00:08.999298Z,XBTUSD,Sell,750,4027,ZeroMinusTick,ccae52eb-bb8f-1fad-723c-75f61a37a547,18624000,0.18624,750,12
2019-01-09T20:00:06.353247Z,XBTUSD,Buy,892,4010,ZeroPlusTick,b8fc7b9a-b655-921a-49d2-075d5ac4dc26,22244696,0.222447,892,20
2019-01-10T04:00:05.860510Z,XBTUSD,Sell,1200,4011.5,ZeroMinusTick,0dbaa888-70ee-7ebb-1956-c4134dff28c5,29913600,0.299136,1200,4
2019-01-10T12:00:13.349622Z,XBTUSD,Buy,12000,3786.5,ZeroPlusTick,e6cf840c-53f1-5ce4-0955-cb70184b14f4,316920000,3.1692,12000,12
2019-01-10T20:00:09.168532Z,XBTUSD,Buy,14664,3628,PlusTick,7ef93847-d38f-1320-76e8-f8ff6010cf8e,404183832,4.041838,14664,20
2019-01-11T04:00:05.116971Z,XBTUSD,Sell,9649,3624.5,ZeroMinusTick,1f1790ec-27ca-801c-89dc-f23555985650,266215910,2.662159,9649,4
2019-01-11T12:00:12.312788Z,XBTUSD,Buy,200,3638,ZeroPlusTick,20c38e38-98e0-7134-17f5-4032df1ed5b9,5497600,0.054976,200,12
2019-01-11T20:00:06.225822Z,XBTUSD,Sell,2,3645.5,ZeroMinusTick,64a0264c-ea9f-42fc-2d21-06c2fcd7c282,54862,5.4862e-4,2,20
2019-01-12T04:00:07.241608Z,XBTUSD,Sell,1171,3639.5,ZeroMinusTick,9ce5c818-2199-44bc-601f-de850f384132,32174396,0.321744,1171,4
2019-01-12T12:00:10.072293Z,XBTUSD,Sell,869,3614.5,ZeroMinusTick,f1e0b3fb-2976-c378-9860-f7c5f4df6e66,24041754,0.2404175,869,12
2019-01-12T20:00:05.999279Z,XBTUSD,Sell,1000,3626.5,MinusTick,5d1327a0-da7d-4b04-71f5-1b4de0bb7fd2,27575000,0.27575,1000,20
2019-01-13T04:00:05.806548Z,XBTUSD,Buy,3589,3623,ZeroPlusTick,682db96e-8fe6-7ef4-2833-2366d32b461e,99059989,0.9905999,3589,4
2019-01-13T12:00:09.038096Z,XBTUSD,Sell,210,3617,ZeroMinusTick,961f960d-45ed-901c-3c0c-babeeb7b66ea,5805870,0.0580587,210,12
2019-01-13T20:00:07.185745Z,XBTUSD,Sell,12,3506.5,MinusTick,07659207-afa4-9a98-6f6c-6f3beb699c26,342216,0.00342216,12,20
2019-01-14T04:00:07.118473Z,XBTUSD,Sell,20000,3517.5,MinusTick,9c66982a-88d4-d47f-aeb6-fbc5bfe40eac,568580000,5.6858,20000,4
2019-01-14T12:00:12.742800Z,XBTUSD,Buy,200,3525.5,ZeroPlusTick,e950d08a-373b-9876-69a1-a6721337fca8,5673000,0.05673,200,12
2019-01-14T20:00:06.821690Z,XBTUSD,Buy,1600,3678,ZeroPlusTick,58a27152-39f7-4e8a-6604-7fc8c7871bfa,43502400,0.435024,1600,20
2019-01-15T04:00:05.858113Z,XBTUSD,Sell,1,3668.5,MinusTick,2beaa37e-f015-85ba-51bb-fc9756b5937f,27259,2.7259e-4,1,4
2019-01-15T12:00:09.727182Z,XBTUSD,Sell,381,3646.5,ZeroMinusTick,84622e2c-98fb-5d83-8e4a-114a7a65133b,10448544,0.1044854,381,12
2019-01-15T20:00:04.496427Z,XBTUSD,Sell,20,3629.5,MinusTick,46ac938c-5c16-96db-1154-d2bf74f10049,551040,0.0055104,20,20
2019-01-16T04:00:04.865010Z,XBTUSD,Sell,390,3591,ZeroMinusTick,e1a88cae-4b58-9e8b-d247-4486e0f5a6a0,10860330,0.1086033,390,4
2019-01-16T12:00:07.711389Z,XBTUSD,Buy,8,3615.5,ZeroPlusTick,86a3058c-7fe8-1dc8-998e-e1b2aba52b5f,221272,0.00221272,8,12
2019-01-16T20:00:05.503224Z,XBTUSD,Buy,1,3594.5,ZeroPlusTick,5ebcdfd0-b2be-1527-5c77-704d20a9fcd8,27820,2.782e-4,1,20
2019-01-17T04:00:04.978938Z,XBTUSD,Buy,30117,3585,ZeroPlusTick,d6349f8c-0018-b52b-838e-900c8761b83f,840083598,8.400836,30117,4
2019-01-17T12:00:09.279757Z,XBTUSD,Buy,10,3595,ZeroPlusTick,cb06a32f-76d8-2973-bdea-b0668344265f,278160,0.0027816,10,12
2019-01-17T20:00:04.963510Z,XBTUSD,Buy,100,3625,ZeroPlusTick,bf813399-6f09-5bec-5370-be7787ce4282,2758600,0.027586,100,20
2019-01-18T04:00:04.233613Z,XBTUSD,Sell,1000,3625,ZeroMinusTick,f0e31256-4d16-b5db-ab44-ca1d903dca53,27586000,0.27586,1000,4
2019-01-18T12:00:09.853309Z,XBTUSD,Sell,20,3610,MinusTick,127cb503-e7c3-3fc3-4384-ee86bedcc1a5,554020,0.0055402,20,12
2019-01-18T20:00:04.192765Z,XBTUSD,Buy,3723,3599,ZeroPlusTick,2bc94c17-06d9-c883-20ad-2c9a9b156246,103443555,1.034436,3723,20
2019-01-19T04:00:03.629060Z,XBTUSD,Sell,8394,3619,ZeroMinusTick,5a91208f-403d-8c3c-eccb-29e69252f898,231943008,2.31943,8394,4
2019-01-19T12:00:08.312726Z,XBTUSD,Buy,10,3723,PlusTick,cb327f83-bd70-7476-03f7-c11fe621fbd8,268600,0.002686,10,12
2019-01-19T20:00:04.066008Z,XBTUSD,Buy,600,3705,PlusTick,f4345fea-cb48-1c9e-fb4f-b11d6eb4ca16,16194600,0.161946,600,20
2019-01-20T04:00:04.665278Z,XBTUSD,Buy,4,3695.5,PlusTick,78513dec-c380-ae91-50a5-a1255dac3751,108240,0.0010824,4,4
2019-01-20T12:00:07.180902Z,XBTUSD,Buy,785,3586.5,ZeroPlusTick,beb840f0-9bd9-2fcd-2d95-cd1fd427d4ce,21887370,0.2188737,785,12
2019-01-20T20:00:03.787021Z,XBTUSD,Buy,40,3512,ZeroPlusTick,bdec6aa6-9eed-720f-65b6-a2d3d3de28f6,1138960,0.0113896,40,20
2019-01-21T04:00:04.056727Z,XBTUSD,Sell,10,3536.5,ZeroMinusTick,dc43e2a1-2f6c-46ff-53bb-076fa659df09,282770,0.0028277,10,4
2019-01-21T12:00:07.170119Z,XBTUSD,Sell,500,3550,ZeroMinusTick,f0ef4567-4dc4-5149-f6a7-7adccaf66537,14084500,0.140845,500,12
2019-01-21T20:00:04.227426Z,XBTUSD,Sell,1000,3535,ZeroMinusTick,fad22702-6b66-c90f-627d-a88ac116cf67,28289000,0.28289,1000,20
2019-01-22T04:00:05.987504Z,XBTUSD,Sell,1000,3536,ZeroMinusTick,cecd2a8d-9db3-1006-9647-32cc3594ede3,28281000,0.28281,1000,4
2019-01-22T12:00:07.080438Z,XBTUSD,Buy,5219,3534,ZeroPlusTick,3fab9b53-29cc-8e8e-d831-678793dba9c9,147682043,1.47682,5219,12
2019-01-22T20:00:05.470144Z,XBTUSD,Sell,1,3576.5,ZeroMinusTick,94661651-85ba-3e14-bcc3-2c5bfac57730,27960,2.796e-4,1,20
2019-01-23T04:00:03.947287Z,XBTUSD,Sell,20,3582.5,ZeroMinusTick,3fc7f8f4-da9e-7f52-d976-47d071a5a88b,558260,0.0055826,20,4
2019-01-23T12:00:08.882797Z,XBTUSD,Buy,250,3575,PlusTick,92c7bc02-515f-db29-2026-5e5c2ec42ada,6993000,0.06993,250,12
2019-01-23T20:00:04.077207Z,XBTUSD,Buy,1500,3533,ZeroPlusTick,810016f4-b078-11b5-23d7-a95d15ee75e0,42457500,0.424575,1500,20
2019-01-24T04:00:04.767323Z,XBTUSD,Sell,16463,3534.5,ZeroMinusTick,df3c7e5e-1511-352f-4825-0b62315b2481,465787659,4.657877,16463,4
2019-01-24T12:00:09.277060Z,XBTUSD,Sell,9,3557,ZeroMinusTick,be9351ae-ad49-1821-a47c-2d757cdf2072,253026,0.00253026,9,12
2019-01-24T20:00:05.505170Z,XBTUSD,Buy,3000,3575,ZeroPlusTick,e710fb7a-60b8-3222-a4e2-e26be3ddfc72,83916000,0.83916,3000,20
2019-01-25T04:00:06.877639Z,XBTUSD,Sell,1,3567,MinusTick,af2ead23-4096-4cf2-d280-4b35e4d67194,28035,2.8035e-4,1,4
2019-01-25T12:00:09.683659Z,XBTUSD,Sell,200,3534.5,ZeroMinusTick,5627e06e-65ef-50bb-5d78-5b12d04cfd20,5658600,0.056586,200,12
2019-01-25T20:00:05.353028Z,XBTUSD,Buy,192,3544.5,ZeroPlusTick,695f8243-8ec6-7ad1-94fa-1eb1c8fc78fb,5416896,0.05416896,192,20
2019-01-26T04:00:04.748914Z,XBTUSD,Buy,19000,3571,PlusTick,fe5ad38e-08f5-4ea0-7ddb-8ff05c081475,532057000,5.32057,19000,4
2019-01-26T12:00:06.811753Z,XBTUSD,Sell,2,3585,ZeroMinusTick,e763d72c-838e-1fa3-6076-02712465d6d5,55788,5.5788e-4,2,12
2019-01-26T20:00:04.729178Z,XBTUSD,Buy,1010,3553.5,ZeroPlusTick,8ff93c55-333d-6bbc-7b56-f7a73fb9983e,28422410,0.2842241,1010,20
2019-01-27T04:00:04.159583Z,XBTUSD,Sell,124,3558,MinusTick,c1510a9e-e16b-8ade-c452-c03fe19249a3,3485144,0.03485144,124,4
2019-01-27T12:00:07.801723Z,XBTUSD,Sell,14,3533.5,MinusTick,25718c4a-c19f-5196-63d1-4661d0ac819a,396214,0.00396214,14,12
2019-01-27T20:00:05.468264Z,XBTUSD,Buy,9,3547,ZeroPlusTick,2319e613-2fb0-2f91-97ef-800793596665,253737,0.00253737,9,20
2019-01-28T04:00:06.294530Z,XBTUSD,Sell,6067,3470,MinusTick,f9b581de-dc27-1862-bbce-5c3962c7127e,174838806,1.748388,6067,4
2019-01-28T12:00:10.298009Z,XBTUSD,Buy,500,3408.5,PlusTick,f9623236-ed06-4a68-3f13-ec84973fa07f,14669000,0.14669,500,12
2019-01-28T20:00:04.785485Z,XBTUSD,Buy,2,3414,ZeroPlusTick,744c0ff2-f9dd-51f4-cf88-c44da79736af,58582,5.8582e-4,2,20
2019-01-29T04:00:04.979778Z,XBTUSD,Sell,57,3407.5,ZeroMinusTick,683e7b11-3b11-7d99-9495-214efb3a1ef2,1672779,0.01672779,57,4
2019-01-29T12:00:08.821748Z,XBTUSD,Sell,200,3374,MinusTick,dbe39d70-7058-9ea2-9581-54d2da542fe0,5927600,0.059276,200,12
2019-01-29T20:00:05.830575Z,XBTUSD,Sell,9528,3404,ZeroMinusTick,8b3ec8c4-48b8-706b-ad57-f17fade67446,279904056,2.799041,9528,20
2019-01-30T04:00:04.829401Z,XBTUSD,Sell,1000,3404.5,ZeroMinusTick,c7291627-10b8-21e7-79f0-95725d6e7e51,29373000,0.29373,1000,4
2019-01-30T12:00:09.624393Z,XBTUSD,Buy,30000,3415.5,ZeroPlusTick,dee00f23-6620-5b18-a341-1a41d61d6761,878340000,8.7834,30000,12
2019-01-30T20:00:04.844642Z,XBTUSD,Sell,277,3434,MinusTick,8d5e55ab-8228-fba3-984e-99d2a02a41cd,8066517,0.08066517,277,20
2019-01-31T04:00:06.476213Z,XBTUSD,Buy,6977,3448,PlusTick,c352f6da-f16e-5b7c-0ba8-d7ace8a3551a,202346954,2.02347,6977,4
2019-01-31T12:00:08.916952Z,XBTUSD,Sell,68,3407,MinusTick,8f03d5a3-e274-4e87-9a53-69bb3a5c643a,1995868,0.01995868,68,12
2019-01-31T20:00:05.277348Z,XBTUSD,Buy,33,3412.5,ZeroPlusTick,6542e0b8-4f81-8028-ec14-ca044435b3ad,967032,0.00967032,33,20
2019-02-01T04:00:04.515471Z,XBTUSD,Sell,100,3395.5,ZeroMinusTick,525296aa-f23c-04a8-3c4e-de897debd5ca,2945100,0.029451,100,4
2019-02-01T12:00:07.980341Z,XBTUSD,Sell,5000,3419.5,ZeroMinusTick,aef3dd13-10cc-9feb-ed67-6b1f1c80cd97,146220000,1.4622,5000,12
2019-02-01T20:00:04.888134Z,XBTUSD,Sell,1000,3441.5,ZeroMinusTick,a6e86888-cf22-3575-96ba-af2f6f5ce540,29057000,0.29057,1000,20
2019-02-02T04:00:04.662180Z,XBTUSD,Sell,5,3438.5,ZeroMinusTick,962028ef-525a-919b-93ae-61e5bed88afc,145410,0.0014541,5,4
2019-02-02T12:00:08.008658Z,XBTUSD,Buy,62,3440,ZeroPlusTick,8d9031e9-83c1-14a2-a372-bf3d169ac51e,1802340,0.0180234,62,12
2019-02-02T20:00:05.358515Z,XBTUSD,Buy,134,3435,PlusTick,c6fceb48-525c-052b-0d8b-2f9e6b1b8b69,3901008,0.03901008,134,20
2019-02-03T04:00:04.767007Z,XBTUSD,Buy,4619,3440,ZeroPlusTick,16a87516-5c99-3c13-ea42-47b03f0ff847,134274330,1.342743,4619,4
2019-02-03T12:00:08.942456Z,XBTUSD,Sell,1379,3421,MinusTick,5ffc4932-90f8-4c11-5052-8af445dd5bf6,40309549,0.4030955,1379,12
2019-02-03T20:00:05.634326Z,XBTUSD,Buy,5640,3402.5,PlusTick,40799bfc-a872-0de5-cde5-d3d08dfdc0d7,165759600,1.657596,5640,20
2019-02-04T04:00:06.373149Z,XBTUSD,Buy,1,3411.5,ZeroPlusTick,fce97a84-063c-8537-24a6-48e0bcd3d99c,29313,2.9313e-4,1,4
2019-02-04T12:00:11.394220Z,XBTUSD,Sell,134,3398,ZeroMinusTick,57992c3e-51d1-19cf-6db9-53248df9de0a,3943486,0.03943486,134,12
2019-02-04T20:00:08.452595Z,XBTUSD,Sell,1,3415,MinusTick,8a1f6575-3cc6-b96f-6963-1a2542fdb016,29283,2.9283e-4,1,20
2019-02-05T04:00:06.093245Z,XBTUSD,Buy,550,3411,ZeroPlusTick,208c70c3-75b3-46ac-0c39-f5760a4dabfb,16124350,0.1612435,550,4
2019-02-05T12:00:11.827543Z,XBTUSD,Buy,17072,3420.5,PlusTick,5b46e70e-fe00-1e94-b3d6-b6a8350a33e6,499099920,4.990999,17072,12
2019-02-05T20:00:06.548161Z,XBTUSD,Sell,1000,3421,MinusTick,de33f2c8-3d23-e9d8-4fbf-eb785d6cbf42,29231000,0.29231,1000,20
2019-02-06T04:00:08.835669Z,XBTUSD,Sell,12,3375,MinusTick,f7436d39-cfef-d741-5a9d-9411fd09d89a,355560,0.0035556,12,4
2019-02-06T12:00:10.854532Z,XBTUSD,Sell,4000,3361.5,ZeroMinusTick,1d0751c7-ef3c-59d0-a466-f0f4fcfbf7eb,118996000,1.18996,4000,12
2019-02-06T20:00:04.510143Z,XBTUSD,Buy,100,3361,ZeroPlusTick,25c09860-4f3d-b062-76f7-adb0b6a9a0fe,2975300,0.029753,100,20
2019-02-07T04:00:03.885545Z,XBTUSD,Buy,50,3371,ZeroPlusTick,97949637-52dc-6284-6f6e-8d8b331982d7,1483250,0.0148325,50,4
2019-02-07T12:00:07.022312Z,XBTUSD,Sell,230,3366,ZeroMinusTick,3c51c5c8-c5f9-2755-df01-404e4ad44948,6833070,0.0683307,230,12
2019-02-07T20:00:04.624416Z,XBTUSD,Sell,1500,3356.5,ZeroMinusTick,b0ce4606-65d4-f70f-5436-d97f962c0289,44689500,0.446895,1500,20
2019-02-08T04:00:05.225085Z,XBTUSD,Buy,225,3361,ZeroPlusTick,7e46b654-8792-ab3f-8cc7-ec7cfecbb620,6694425,0.06694425,225,4
2019-02-08T12:00:07.932651Z,XBTUSD,Buy,2000,3390,ZeroPlusTick,26cd90a3-6cb3-5572-18d2-2111c76808d7,58998000,0.58998,2000,12
2019-02-08T20:00:07.680512Z,XBTUSD,Buy,10,3633.5,ZeroPlusTick,fc799edf-e323-f5cb-716a-a1f52b3316c2,275220,0.0027522,10,20
2019-02-09T04:00:05.438417Z,XBTUSD,Buy,2,3609,ZeroPlusTick,549f9243-3dd6-1120-d2cc-17dd77a885b0,55418,5.5418e-4,2,4
2019-02-09T12:00:09.792284Z,XBTUSD,Sell,100,3626,MinusTick,558d7b77-9290-245a-7140-2a7c053113c0,2757900,0.027579,100,12
2019-02-09T20:00:06.395360Z,XBTUSD,Buy,600,3615.5,PlusTick,b3005f4f-304d-a74d-313f-45f6833a1afe,16595400,0.165954,600,20
2019-02-10T04:00:05.844334Z,XBTUSD,Buy,100,3615,PlusTick,37546bc5-eb76-b436-9182-311ff993f579,2766300,0.027663,100,4
2019-02-10T12:00:08.915112Z,XBTUSD,Buy,100,3604.5,ZeroPlusTick,12d9a468-26d0-b54f-7eab-44bc8b44daa4,2774300,0.027743,100,12
2019-02-10T20:00:05.999053Z,XBTUSD,Buy,40,3608.5,ZeroPlusTick,ca885a51-1423-e188-d293-2de242a7ab61,1108480,0.0110848,40,20
2019-02-11T04:00:05.212378Z,XBTUSD,Buy,10,3594,ZeroPlusTick,e88a18d7-5618-c9c2-0745-c66ddf8217d4,278240,0.0027824,10,4
2019-02-11T12:00:11.892084Z,XBTUSD,Sell,40,3587,ZeroMinusTick,53ea6975-a50c-fb86-ec51-2ecf39250226,1115120,0.0111512,40,12
2019-02-11T20:00:05.002995Z,XBTUSD,Buy,36,3598.5,PlusTick,0061b4c8-2e93-9cf5-04ad-33eeac5177ed,1000404,0.01000404,36,20
2019-02-12T04:00:04.449172Z,XBTUSD,Sell,6,3576,ZeroMinusTick,ed2c5fc9-87f8-6b76-86a0-7b3322124090,167784,0.00167784,6,4
2019-02-12T12:00:07.505784Z,XBTUSD,Buy,400,3572,ZeroPlusTick,e629de4e-c300-eb97-729a-e0abd56f92d4,11198400,0.111984,400,12
2019-02-12T20:00:05.200471Z,XBTUSD,Buy,100,3598,PlusTick,83b4e31e-037c-7c9a-84c4-482e4fa3add2,2779300,0.027793000000000002,100,20
2019-02-13T04:00:06.010529Z,XBTUSD,Buy,100,3599.5,PlusTick,8cf10290-e2d8-fe68-f7d4-6a41c152b4af,2778200,0.027782,100,4
2019-02-13T12:00:09.374990Z,XBTUSD,Sell,75,3573,ZeroMinusTick,7a242d48-39cc-bd0a-d471-3ce057c2aabe,2099100,0.020991,75,12
2019-02-13T20:00:06.122716Z,XBTUSD,Buy,100,3571.5,ZeroPlusTick,5fa67c0b-f3fe-5877-a14b-927956ee3440,2799900,0.027999,100,20
2019-02-14T04:00:04.834185Z,XBTUSD,Buy,36,3575.5,ZeroPlusTick,442b7426-0b28-633c-5291-4c8a9fe03c9b,1006848,0.01006848,36,4
2019-02-14T12:00:09.595610Z,XBTUSD,Buy,1,3555.5,ZeroPlusTick,1264f439-183c-c95d-fc72-22a841e7d94a,28125,2.8125e-4,1,12
2019-02-14T20:00:05.584226Z,XBTUSD,Buy,1,3572.5,PlusTick,5ad5ef0b-647e-a6ca-d911-d184870c097c,27992,2.7992e-4,1,20
2019-02-15T04:00:05.890905Z,XBTUSD,Buy,24814,3574.5,PlusTick,af083e46-67ae-c723-92ac-3fc486090502,694196464,6.941965,24814,4
2019-02-15T12:00:09.946672Z,XBTUSD,Buy,20,3574,PlusTick,6ac9e7da-0c2f-bfec-1233-d2058ceeaf08,559600,0.005596,20,12
2019-02-15T20:00:06.967211Z,XBTUSD,Sell,30,3563.5,MinusTick,ff4d05a8-0946-af44-3c6e-8ffafced655b,841860,0.0084186,30,20
2019-02-16T04:00:05.410912Z,XBTUSD,Buy,200,3586,PlusTick,bb9a6c9e-5194-db0f-cfa9-310a6cd30bc7,5577200,0.055772,200,4
2019-02-16T12:00:09.999208Z,XBTUSD,Sell,1,3589,ZeroMinusTick,27869633-8c9a-0eb6-98b8-d7a8f269e196,27863,2.7863e-4,1,12
2019-02-16T20:00:05.694618Z,XBTUSD,Sell,1,3594,MinusTick,99382fba-f288-873f-2b07-66670d25acec,27824,2.7824e-4,1,20
2019-02-17T04:00:04.483319Z,XBTUSD,Buy,1107,3586,PlusTick,b1de3154-4f1c-507e-daaf-4efee6973e75,30869802,0.308698,1107,4
2019-02-17T12:00:11.459243Z,XBTUSD,Buy,316,3581,ZeroPlusTick,a92f9b0d-225c-df52-b723-24757e4c837a,8824300,0.088243,316,12
2019-02-17T20:00:07.257259Z,XBTUSD,Buy,5000,3568.5,ZeroPlusTick,eab54494-43ea-5683-e6b8-e99137eca732,140115000,1.40115,5000,20
2019-02-18T04:00:09.422302Z,XBTUSD,Sell,7850,3679.5,ZeroMinusTick,a85badbf-68c8-0f16-ac29-47e8cb449041,213347300,2.133473,7850,4
2019-02-18T12:00:09.036881Z,XBTUSD,Sell,1000,3702.5,ZeroMinusTick,8b556b8d-89d5-e54a-4e48-b3d70627aa52,27009000,0.27009,1000,12
2019-02-18T20:00:08.084676Z,XBTUSD,Sell,386,3867,ZeroMinusTick,4500fa91-6b34-cd8e-83a3-6d3455f94321,9981960,0.0998196,386,20
2019-02-19T04:00:05.836099Z,XBTUSD,Sell,48,3864,MinusTick,52326e84-9231-f86f-7277-6cb73d8d753a,1242240,0.0124224,48,4
2019-02-19T12:00:12.899806Z,XBTUSD,Buy,6667,3873,ZeroPlusTick,d79bc870-af85-a101-7dcb-a87ac7e9d3cf,172141940,1.721419,6667,12
2019-02-19T20:00:07.276731Z,XBTUSD,Buy,6953,3946,PlusTick,d700ad55-6f30-00b2-eb7c-5432bd58dd48,176202926,1.762029,6953,20
2019-02-20T04:00:05.875108Z,XBTUSD,Sell,2,3893,ZeroMinusTick,7c6b773a-ca9a-b038-a5b8-2b6113fc9d2a,51374,5.1374e-4,2,4
2019-02-20T12:00:12.834326Z,XBTUSD,Buy,500,3925,ZeroPlusTick,26638484-2797-eea3-6b01-5e67f4dc07a2,12739000,0.12739,500,12
2019-02-20T20:00:09.285838Z,XBTUSD,Sell,298,3921.5,MinusTick,916ddfe8-fe08-d961-7861-5eb5f847c07a,7599000,0.07599,298,20
2019-02-21T04:00:07.222583Z,XBTUSD,Buy,8628,3941.5,PlusTick,dc0c37eb-9038-8cbc-8810-1b9a096a6fcf,218900988,2.18901,8628,4
2019-02-21T12:00:11.880806Z,XBTUSD,Buy,126,3895,ZeroPlusTick,6ebb10c5-80d2-de46-7afb-3860f02bf21e,3234924,0.03234924,126,12
2019-02-21T20:00:05.658581Z,XBTUSD,Sell,1250,3887,ZeroMinusTick,7654b44b-3fd5-16a4-e2f4-bad7318dd977,32158750,0.3215875,1250,20
2019-02-22T04:00:06.955500Z,XBTUSD,Buy,7,3911,ZeroPlusTick,7754550e-d204-19c5-d304-56ef433574f9,178983,0.00178983,7,4
2019-02-22T12:00:11.866948Z,XBTUSD,Sell,5000,3926.5,ZeroMinusTick,80c72395-9d75-4150-dbe5-cacebdd61f9e,127340000,1.2734,5000,12
2019-02-22T20:00:06.681695Z,XBTUSD,Buy,1,3939,ZeroPlusTick,e5de169c-d48a-dceb-7897-48d5a14b947f,25387,2.5387e-4,1,20
2019-02-23T04:00:06.467828Z,XBTUSD,Buy,1,3938,ZeroPlusTick,be79cf9d-3c2b-be34-300c-f3dae0fa6b9b,25394,2.5394e-4,1,4
2019-02-23T12:00:10.973453Z,XBTUSD,Buy,26,3934.5,ZeroPlusTick,f4b82f44-4a98-f2ed-ec05-b8de948bb15f,660816,0.00660816,26,12
2019-02-23T20:00:05.489145Z,XBTUSD,Buy,250,4096.5,PlusTick,014103cd-28db-2b1f-5a7e-496c5154868b,6102750,0.0610275,250,20
2019-02-24T04:00:05.653347Z,XBTUSD,Buy,75000,4159,PlusTick,0a3d1ca1-0712-5f1a-f49c-d99b33c9e10a,1803300000,18.033,75000,4
2019-02-24T12:00:08.968713Z,XBTUSD,Sell,150,4132,ZeroMinusTick,8e8fb47d-b4db-bed9-ad07-d67568f09a2f,3630150,0.0363015,150,12
2019-02-24T20:00:07.048408Z,XBTUSD,Buy,5160,3772,ZeroPlusTick,42219c3b-a286-1d60-c267-85dd9a9dc4e1,136796760,1.367968,5160,20
2019-02-25T04:00:06.406682Z,XBTUSD,Sell,2,3773.5,ZeroMinusTick,f55a8c71-30b0-507e-fb47-dd0ed450e6af,53002,5.3002e-4,2,4
2019-02-25T12:00:10.812469Z,XBTUSD,Sell,4517,3778,ZeroMinusTick,3ef814f7-9ccd-04af-ee2c-0494d9565e58,119560473,1.195605,4517,12
2019-02-25T20:00:06.815830Z,XBTUSD,Buy,11,3844,ZeroPlusTick,5afa8ce0-0df2-3a46-d276-75ec1bd09af3,286165,0.00286165,11,20
2019-02-26T04:00:06.027454Z,XBTUSD,Sell,3,3819.5,MinusTick,fb1bb1df-0b94-7baf-1f4d-a2a759bc6f44,78543,7.8543e-4,3,4
2019-02-26T12:00:09.139485Z,XBTUSD,Buy,59,3787.5,ZeroPlusTick,b27f6ef0-709e-f4a9-1246-b47c24fdb3c5,1557777,0.01557777,59,12
2019-02-26T20:00:07.134615Z,XBTUSD,Buy,1,3798,ZeroPlusTick,b4ca3fba-5dbd-9a3d-bcd2-3a4dc2768a6f,26330,2.633e-4,1,20
2019-02-27T04:00:06.427852Z,XBTUSD,Buy,10,3798,ZeroPlusTick,0967b81b-1ab0-afeb-6c40-692a1eda04fa,263300,0.002633,10,4
2019-02-27T12:00:07.967839Z,XBTUSD,Buy,34,3810,ZeroPlusTick,8710bfa7-fb56-fbc5-fad4-93c20302f9ed,892398,0.00892398,34,12
2019-02-27T20:00:05.611631Z,XBTUSD,Buy,600,3798,PlusTick,ac153887-96df-beff-d3e8-341158b198de,15798000,0.15798,600,20
2019-02-28T04:00:06.426033Z,XBTUSD,Buy,10,3801,PlusTick,5c49c446-3348-8b69-1696-eea1b4fe2786,263090,0.0026309,10,4
2019-02-28T12:00:08.975946Z,XBTUSD,Buy,1,3820.5,ZeroPlusTick,2dbd9bf8-897b-0877-c544-85de7e7db257,26175,2.6175e-4,1,12
2019-02-28T20:00:05.138092Z,XBTUSD,Buy,1,3802.5,PlusTick,05efdc54-8a44-8fec-c668-85a6b3f4fea1,26298,2.6298e-4,1,20
2019-03-01T04:00:05.206401Z,XBTUSD,Sell,4000,3801,ZeroMinusTick,ad71e613-cc01-8fd9-f976-e0b64e44997c,105236000,1.05236,4000,4
2019-03-01T12:00:11.306628Z,XBTUSD,Sell,297,3806,ZeroMinusTick,f139b9f3-d101-6860-3ac7-24949f1e2639,7803378,0.07803378,297,12
