timestamp,symbol,side,size,price,tickDirection,trdMatchID,grossValue,homeNotional,foreignNotional,hour(timestamp)
2017-06-05T00:00:03.312129Z,XBTUSD,Buy,4,2529.4,PlusTick,5aff1fd0-eb75-c501-9261-34ff038a53ed,158140,0.0015814,4,20
2017-06-05T08:00:08.328305Z,XBTUSD,Sell,5600,2577,MinusTick,dc3e1921-9b07-d4a7-b4d3-9f285662e377,217308000,2.17308,5600,4
2017-06-05T16:00:13.128031Z,XBTUSD,Buy,100,2625.7,MinusTick,421e6b90-9aa4-a4ec-6f94-bba0e5e930a2,3808500,0.038085,100,12
2017-06-06T00:00:01.007254Z,XBTUSD,Buy,400,2715.4,ZeroPlusTick,42c5ac61-7ff1-f421-dd67-2d6464259c79,14730800,0.147308,400,20
2017-06-06T08:00:03.480759Z,XBTUSD,Buy,9,2840.8,PlusTick,abcd335c-5c33-42b7-3d6d-147e2bdf945d,316809,0.00316809,9,4
2017-06-06T16:00:06.503169Z,XBTUSD,Sell,50,2862.6,PlusTick,7384a724-50fc-5322-60dd-b8d84cb3d476,1746650,0.0174665,50,12
2017-06-07T00:00:18.408539Z,XBTUSD,Buy,634,2897.9,ZeroPlusTick,d0ac6b00-0003-4e72-771f-3ac20360448a,21878072,0.2187807,634,20
2017-06-07T08:00:50.887491Z,XBTUSD,Buy,100,2841,PlusTick,740bd5b1-9c59-b024-e5ab-81702c6e9bc9,3519900,0.035199,100,4
2017-06-07T16:00:01.724696Z,XBTUSD,Sell,6000,2796.4,MinusTick,7d101387-f164-c12b-d775-5bcee9b801ec,214560000,2.1456,6000,12
2017-06-08T00:00:01.435714Z,XBTUSD,Sell,1594,2667.6,ZeroMinusTick,8d0bf98e-7247-bfd3-cc82-fd995fbb37f0,59754278,0.5975428,1594,20
2017-06-08T08:00:01.947499Z,XBTUSD,Buy,400,2777.5,PlusTick,7df812ef-6fd8-d65f-ef40-a23522e08255,14401600,0.144016,400,4
2017-06-08T16:00:40.469437Z,XBTUSD,Buy,2277,2733.2,PlusTick,f24e7cd5-0ee7-5c97-0e1e-294dd677330b,83308599,0.833086,2277,12
2017-06-09T00:00:01.583189Z,XBTUSD,Buy,400,2817.5,MinusTick,2fc30f8e-850c-4925-2c7d-14ab30293c80,14196800,0.141968,400,20
2017-06-09T08:00:07.936573Z,XBTUSD,Buy,100,2810.2,PlusTick,4d3baebb-6da3-dc3c-59f0-1b20b29e687d,3558500,0.035585,100,4
2017-06-09T16:00:52.020756Z,XBTUSD,Sell,30,2851.1,MinusTick,9c991e71-92e3-a5a6-d033-7c69814fdd61,1052220,0.0105222,30,12
2017-06-10T00:00:06.182682Z,XBTUSD,Buy,27,2817.1,MinusTick,6bf88747-8c07-027d-fbe7-2b8e822227c6,958419,0.00958419,27,20
2017-06-10T08:00:21.782086Z,XBTUSD,Buy,31,2809.9,PlusTick,f07f1a4f-1fac-5044-d366-6f31360310dd,1103228,0.01103228,31,4
2017-06-10T16:00:02.014655Z,XBTUSD,Sell,22,2877.4,PlusTick,d5c134d5-3308-e22c-2db7-f700508ea16e,764588,0.00764588,22,12
2017-06-11T00:00:04.569334Z,XBTUSD,Buy,1528,2923.4,PlusTick,15f2a969-e594-39e4-0d68-fbe6f53ab06d,52268296,0.522683,1528,20
2017-06-11T08:00:09.277706Z,XBTUSD,Buy,1,2895.5,ZeroPlusTick,3da55675-5e7a-3097-c21e-e0443cca2995,34536,3.4536e-4,1,4
2017-06-11T16:00:01.766823Z,XBTUSD,Buy,75,2979.4,ZeroPlusTick,50023202-44c4-592f-e2ed-be7c8758a324,2517300,0.025173,75,12
2017-06-12T00:00:12.169975Z,XBTUSD,Buy,5000,2994.9,PlusTick,b7ed6209-3671-6354-2a66-e6513888f026,166950000,1.6695,5000,20
2017-06-12T08:01:01.190712Z,XBTUSD,Sell,660,2961.2,PlusTick,5a46a794-35b8-22f2-e221-ccc338954297,22288200,0.222882,660,4
2017-06-12T16:00:26.809637Z,XBTUSD,Buy,2368,2764.4,MinusTick,4901e380-6f6f-1dcb-0a2d-99e7bbed5480,85660032,0.8566003,2368,12
2017-06-13T00:00:30.295395Z,XBTUSD,Buy,300,2656.9,PlusTick,8a1503a7-ba8d-ab3d-0a2c-59d90da64a58,11291400,0.112914,300,20
2017-06-13T08:00:06.719143Z,XBTUSD,Buy,2258,2750.2,PlusTick,2e164562-738d-4d29-07ac-047809d3f090,82103138,0.8210314,2258,4
2017-06-13T16:00:06.830583Z,XBTUSD,Buy,1,2736.8,MinusTick,4a9702cf-d79d-974d-bd46-b5376af402d5,36539,3.6539e-4,1,12
2017-06-14T00:00:07.555353Z,XBTUSD,Sell,875,2702.6,ZeroPlusTick,88c27f0f-aa17-c10d-8e16-e73ce0e681f2,32375875,0.3237587,875,20
2017-06-14T08:00:01.085263Z,XBTUSD,Sell,300,2739.4,ZeroMinusTick,a35fbfc2-f5ad-cfc1-d474-c25b07aae62f,10951200,0.109512,300,4
2017-06-14T16:00:09.662994Z,XBTUSD,Buy,997,2614.8,PlusTick,26f3621d-c06b-6249-c86e-c549186c323b,38129268,0.3812927,997,12
2017-06-15T00:00:01.295195Z,XBTUSD,Sell,1000,2430.8,MinusTick,71315090-9e92-063e-f412-de2185cc0be7,41139000,0.41139,1000,20
2017-06-15T08:00:01.266219Z,XBTUSD,Sell,100,2402.3,ZeroPlusTick,386cffb0-0d53-0b73-c99f-5bc39ffb3891,4162700,0.041627,100,4
2017-06-15T16:00:00.899948Z,XBTUSD,Sell,2196,2260,MinusTick,77314521-2111-5c9a-e66d-80229440937d,97168608,0.9716861,2196,12
2017-06-16T00:00:14.730949Z,XBTUSD,Sell,8,2410.6,MinusTick,384fb34a-8d13-ffc9-d2bf-ba73fe623c89,331864,0.00331864,8,20
2017-06-16T08:00:02.017506Z,XBTUSD,Buy,6100,2424.8,PlusTick,3c47911f-22b6-0200-304a-a13206810a54,251570100,2.515701,6100,4
2017-06-16T16:00:02.052875Z,XBTUSD,Sell,25,2433.9,MinusTick,65c13499-423c-2061-be15-8c2cedcf363c,1027150,0.0102715,25,12
2017-06-17T00:00:06.036168Z,XBTUSD,Buy,1,2470.1,MinusTick,11008f84-54e3-bff6-4402-1defb08b15ee,40484,4.0484e-4,1,20
2017-06-17T08:01:44.231384Z,XBTUSD,Sell,1,2503.4,MinusTick,8268edd5-f53a-8566-4487-3a5571ed9fce,39946,3.9946e-4,1,4
2017-06-17T16:00:07.577323Z,XBTUSD,Sell,100,2605,MinusTick,5c6f7528-721c-9dab-362e-37cab03c5d41,3838800,0.038388,100,12
2017-06-18T00:00:02.655009Z,XBTUSD,Sell,80,2630.2,PlusTick,e6c88405-c2b3-8eb6-cd6f-5ac36f2fe426,3041600,0.030416,80,20
2017-06-18T08:00:01.021119Z,XBTUSD,Sell,753,2510.6,ZeroMinusTick,da89a90d-13db-79d3-cccd-55d4eb53275e,29992743,0.2999274,753,4
2017-06-18T16:00:05.690837Z,XBTUSD,Buy,1,2561.3,MinusTick,ab515505-dc48-8f4f-2e03-a91463a632b6,39043,3.9043e-4,1,12
2017-06-19T00:00:01.164648Z,XBTUSD,Buy,324,2518.9,MinusTick,9f82ebd9-5d52-b71b-f04e-fdc89f6167cf,12862800,0.128628,324,20
2017-06-19T08:00:08.022418Z,XBTUSD,Buy,2700,2567.2,ZeroPlusTick,9d3785a0-d584-572b-d6cf-3c115b9b0fea,105173100,1.051731,2700,4
2017-06-19T16:00:09.570149Z,XBTUSD,Buy,1613,2540.9,ZeroPlusTick,24f819a7-aa95-fa1a-4785-cd0e4b394d71,63481228,0.6348123,1613,12
2017-06-20T00:00:11.658354Z,XBTUSD,Sell,1001,2598.8,ZeroMinusTick,23ae74bf-fb3d-ec38-4430-cc8446bec857,38517479,0.3851748,1001,20
2017-06-20T08:00:20.633624Z,XBTUSD,Buy,830,2613.3,PlusTick,294dc7f5-836e-372a-2170-34cbaa2e24b0,31760780,0.3176078,830,4
2017-06-20T16:00:15.200007Z,XBTUSD,Sell,200,2656,MinusTick,2b9012d2-06ec-34ce-788d-d449534646fc,7530200,0.075302,200,12
2017-06-21T00:00:20.508795Z,XBTUSD,Sell,4918,2737.1,PlusTick,0b27e1d5-483a-a161-39f1-af13d107dab9,179679130,1.796791,4918,20
2017-06-21T08:00:01.681740Z,XBTUSD,Sell,1200,2724.6,ZeroMinusTick,c5ac73a3-4afb-983f-93f2-8cf1f4444bf6,44043600,0.440436,1200,4
2017-06-21T16:00:06.196328Z,XBTUSD,Sell,300,2698.8,PlusTick,77106068-5fcf-b11c-35cc-7a8f84873989,11116200,0.111162,300,12
2017-06-22T00:00:13.631318Z,XBTUSD,Sell,3,2649.5,MinusTick,591c3055-5269-8a57-695d-a8b7bd034905,113229,0.00113229,3,20
2017-06-22T08:00:07.293136Z,XBTUSD,Buy,4237,2647.3,MinusTick,192d20c5-ab2a-853c-d323-c011a8efe469,160048438,1.600484,4237,4
2017-06-22T16:00:02.287783Z,XBTUSD,Buy,1000,2720,ZeroPlusTick,3694e183-b959-b5e4-85c8-a1e834200c7b,36765000,0.36765,1000,12
2017-06-23T00:00:02.276739Z,XBTUSD,Sell,10,2699.9,ZeroMinusTick,e61a637d-8974-3241-33e8-3d24f1a1cc51,370380,0.0037038,10,20
2017-06-23T08:00:25.730413Z,XBTUSD,Buy,665,2706.8,PlusTick,fe6931bf-719a-1bfb-6c46-ec992bb4726f,24567760,0.2456776,665,4
2017-06-23T16:00:52.475048Z,XBTUSD,Sell,681,2725.6,MinusTick,e6d1c49a-2d85-9018-b625-5e6a74b1698e,24985209,0.2498521,681,12
2017-06-24T00:00:01.724739Z,XBTUSD,Buy,101,2678.9,ZeroPlusTick,7e5e2580-f333-3366-e4c7-34e384ddfaa9,3770229,0.03770229,101,20
2017-06-24T08:03:04.151342Z,XBTUSD,Buy,50,2700.6,MinusTick,ea0f05ff-e52e-569e-ef49-21e19181da3f,1851450,0.0185145,50,4
2017-06-24T16:00:02.165779Z,XBTUSD,Sell,74,2664.5,MinusTick,39a90b11-de91-74b2-da77-317b3038c37b,2777220,0.0277722,74,12
2017-06-25T00:00:26.672003Z,XBTUSD,Buy,878,2559.5,ZeroPlusTick,0f6ec3f4-fba6-39a3-aaee-738cfc3e3ea7,34303460,0.3430346,878,20
2017-06-25T08:02:32.586052Z,XBTUSD,Buy,2579,2566.1,PlusTick,861fa7f2-52b2-5ddf-482e-06767a577646,100503630,1.005036,2579,4
2017-06-25T16:00:07.544959Z,XBTUSD,Sell,449,2565,ZeroMinusTick,68c0ab73-fecb-9f20-3868-771287193695,17504714,0.1750471,449,12
2017-06-26T00:00:01.722130Z,XBTUSD,Buy,752,2507.8,MinusTick,fb9adbeb-2952-ed68-610d-41dee1cad9f3,29986752,0.2998675,752,20
2017-06-26T08:00:15.816156Z,XBTUSD,Buy,1,2494.1,PlusTick,618cc96e-798b-a2d9-5ed2-f0a1ae9734e6,40095,4.0095e-4,1,4
2017-06-26T16:00:02.290336Z,XBTUSD,Buy,96,2380.5,MinusTick,47003a6e-f8b3-69d9-930d-3e7a5ea1127e,4032768,0.04032768,96,12
2017-06-27T00:00:02.264544Z,XBTUSD,Sell,5,2420,MinusTick,a662108d-3d52-9d0c-287c-f8cb16d3d52f,206610,0.0020661,5,20
2017-06-27T08:00:04.509343Z,XBTUSD,Sell,100,2369,MinusTick,e197b5f9-c225-c55f-5702-a9a48f8f57cf,4221200,0.042212,100,4
2017-06-27T16:00:03.650310Z,XBTUSD,Sell,2777,2324.9,ZeroPlusTick,e5fe3212-c88a-29ab-8254-144ebe1ac1a6,119447101,1.194471,2777,12
2017-06-28T00:00:02.467375Z,XBTUSD,Buy,1017,2543.8,PlusTick,e53484ae-8e63-df5c-e7fe-e9e987edf434,39979287,0.3997929,1017,20
2017-06-28T08:00:17.017611Z,XBTUSD,Buy,1200,2522.9,ZeroMinusTick,cb275235-7ef6-a828-4d86-fc4ac3494b98,47564400,0.475644,1200,4
2017-06-28T16:00:32.592967Z,XBTUSD,Sell,500,2542.9,MinusTick,54ce3848-4075-e681-ab5c-13d0a4d71151,19662500,0.196625,500,12
2017-06-29T00:00:20.268378Z,XBTUSD,Sell,1000,2558.2,MinusTick,b91c4b36-f7b0-81de-13df-89f18a18b49e,39090000,0.3909,1000,20
2017-06-29T08:01:02.168087Z,XBTUSD,Sell,1,2557,ZeroMinusTick,601cf1c7-ff5d-a4c2-7b21-0d86413221b9,39108,3.9108e-4,1,4
2017-06-29T16:00:10.747477Z,XBTUSD,Sell,868,2553.3,PlusTick,a7d03904-8d04-5c44-5f33-1eccf008ddbe,33995220,0.3399522,868,12
2017-06-30T00:00:05.935191Z,XBTUSD,Buy,2243,2532.7,ZeroMinusTick,e10be907-0c7d-34aa-035f-ca1348a5dd1d,88562612,0.8856261,2243,20
2017-06-30T08:00:54.791175Z,XBTUSD,Sell,46,2508,MinusTick,3dabc8c8-d773-a344-382c-1e485141069b,1834112,0.01834112,46,4
2017-06-30T16:00:10.506950Z,XBTUSD,Sell,2000,2517.6,ZeroMinusTick,20c28780-5492-66f2-91e7-5614802b0340,79440000,0.7944,2000,12
2017-07-01T00:00:37.892320Z,XBTUSD,Buy,10000,2453.4,ZeroPlusTick,d96448fa-e010-cc61-b3a1-db69927efed1,407600000,4.076,10000,20
2017-07-01T08:00:00.874560Z,XBTUSD,Buy,1,2491.7,ZeroPlusTick,d979f802-1ca2-c6fa-3772-e23cb6e728a6,40133,4.0133e-4,1,4
2017-07-01T16:00:14.183919Z,XBTUSD,Sell,8,2466.5,ZeroMinusTick,61cdca8d-0ace-ba25-8857-466917c3fea2,324344,0.00324344,8,12
2017-07-02T00:00:19.376127Z,XBTUSD,Buy,8,2423.1,PlusTick,da282190-8b94-56ba-a878-931e4ccd68a3,330152,0.00330152,8,20
2017-07-02T08:00:15.147891Z,XBTUSD,Buy,1000,2429.7,PlusTick,1f3ca0c1-8975-4999-5341-2a5c383cb2c3,41157000,0.41157,1000,4
2017-07-02T16:00:06.372630Z,XBTUSD,Sell,300,2465,MinusTick,98a2dbe6-a375-73ec-9881-642dcf2f6663,12170400,0.121704,300,12
2017-07-03T00:00:07.348605Z,XBTUSD,Buy,422,2510.3,PlusTick,7cd931c7-651d-92a5-4c09-3f79d3b73d88,16810792,0.1681079,422,20
2017-07-03T08:00:01.092082Z,XBTUSD,Sell,1,2480.8,ZeroPlusTick,fcd44848-0579-0032-0f6a-c6aaed5f6a87,40310,4.031e-4,1,4
2017-07-03T16:00:08.173784Z,XBTUSD,Sell,182,2574.9,MinusTick,43976a07-42a4-7ac5-2b8a-38a38d1c5de1,7068152,0.07068152,182,12
2017-07-04T00:00:04.452242Z,XBTUSD,Sell,800,2540.4,MinusTick,4b8bb41e-e21b-713b-e2a8-ab02489aab69,31491200,0.314912,800,20
2017-07-04T08:00:03.102777Z,XBTUSD,Buy,100,2630.1,MinusTick,8b42fb84-15f9-61e3-d6a6-cc1d49ebf078,3802100,0.038021,100,4
2017-07-04T16:00:01.136837Z,XBTUSD,Buy,6,2575.2,ZeroPlusTick,7b12f3b3-9775-5d02-430e-a8ad3ce73dbb,232992,0.00232992,6,12
2017-07-05T00:00:04.230732Z,XBTUSD,Sell,181,2602,MinusTick,6ab1f055-9e9b-c18e-1a06-a34dde2e62d8,6956192,0.06956192,181,20
2017-07-05T08:00:32.818325Z,XBTUSD,Buy,278,2542.8,PlusTick,811e8431-e4fd-48ce-a0b7-7637bb67c393,10932906,0.1093291,278,4
2017-07-05T16:00:20.153874Z,XBTUSD,Sell,10,2577.3,ZeroMinusTick,ca88dee9-851f-e103-225d-36ab486f569b,388000,0.00388,10,12
2017-07-06T08:01:01.553858Z,XBTUSD,Buy,1,2600.8,PlusTick,cc1b18ca-e4b8-f87b-e226-b8ca682566eb,38450,3.845e-4,1,4
2017-07-06T16:00:30.078068Z,XBTUSD,Buy,200,2587.6,ZeroPlusTick,46e1ad24-5eb8-1f95-3f8f-67ae53305dcc,7729200,0.077292,200,12
2017-07-07T00:00:14.141659Z,XBTUSD,Buy,9,2603.8,ZeroPlusTick,db55c07a-cfb9-7a5d-44c2-483c4880436e,345645,0.00345645,9,20
2017-07-07T08:00:02.294443Z,XBTUSD,Sell,30,2554.6,MinusTick,afa83dfb-c1b2-567c-a4d0-ffec583cbaea,1174350,0.0117435,30,4
2017-07-07T16:00:08.880145Z,XBTUSD,Sell,11,2528.4,MinusTick,cb43b3cb-41d5-d385-ee7c-7306f258a9a0,435061,0.00435061,11,12
2017-07-08T00:00:06.311150Z,XBTUSD,Sell,100,2505.1,ZeroPlusTick,d0d9ba76-561c-b376-b39a-64a2b851f91d,3991900,0.039919,100,20
2017-07-08T08:00:33.045814Z,XBTUSD,Sell,1500,2496.5,ZeroMinusTick,681489ec-6ae5-9a3d-bab2-986922f518f2,60084000,0.60084,1500,4
2017-07-08T16:00:16.116446Z,XBTUSD,Buy,11,2527.4,PlusTick,aae6a46b-12c4-97de-fa70-a778fadf0fea,435226,0.00435226,11,12
2017-07-09T00:00:15.948353Z,XBTUSD,Sell,2000,2554,MinusTick,d3e84450-828b-ed31-9264-7cf7f17f055e,78308000,0.78308,2000,20
2017-07-09T08:00:37.497922Z,XBTUSD,Buy,21,2540.7,ZeroPlusTick,75896d69-0d2d-0fa5-d1c7-9f5eafa3539c,826539,0.00826539,21,4
2017-07-09T16:00:32.167961Z,XBTUSD,Sell,5000,2554,MinusTick,98fc6d49-2795-7c6f-908b-47a3f7250227,195770000,1.9577,5000,12
2017-07-10T00:00:12.560163Z,XBTUSD,Buy,3647,2506.6,PlusTick,6a705bff-6b1e-fdee-50e2-d0e55aa120c9,145497065,1.454971,3647,20
2017-07-10T08:00:32.157277Z,XBTUSD,Buy,2000,2517.9,PlusTick,3e1a6899-392c-76d0-056f-ef36b51b9f6d,79432000,0.79432,2000,4
2017-07-10T16:00:01.583585Z,XBTUSD,Buy,9,2392,PlusTick,9cc5125f-9290-eb68-e64f-046e9503d39a,376254,0.00376254,9,12
2017-07-11T00:00:01.069586Z,XBTUSD,Sell,10,2335.2,ZeroMinusTick,54385e27-cbc4-c15f-e810-5eec8dee9108,428230,0.0042823,10,20
2017-07-11T08:00:01.245234Z,XBTUSD,Sell,688,2336.8,ZeroMinusTick,512c00fe-0026-a381-2cec-236b2fe07cea,29442272,0.2944227,688,4
2017-07-11T16:01:02.516338Z,XBTUSD,Buy,1,2350.2,PlusTick,ee7f6ea6-8538-da67-b32a-4c967659c19f,42550,4.255e-4,1,12
2017-07-12T00:00:07.047749Z,XBTUSD,Buy,1598,2304.5,MinusTick,ab988cd1-a17f-06d9-3e12-aad96eca2661,69342014,0.6934201,1598,20
2017-07-12T08:00:02.182147Z,XBTUSD,Sell,46,2316.2,MinusTick,9dda2ff2-bf53-92f1-bba1-7fbd70c35cb1,1986004,0.01986004,46,4
2017-07-12T16:00:25.896953Z,XBTUSD,Buy,10,2368.9,ZeroPlusTick,38edac6c-c7a9-616a-57b9-166fd1e3082c,422140,0.0042214,10,12
2017-07-13T00:00:30.718339Z,XBTUSD,Buy,2,2386.9,PlusTick,44dc5200-5c6f-9c99-3f31-2ac146bce030,83790,8.379e-4,2,20
2017-07-13T08:00:05.460258Z,XBTUSD,Buy,2,2363.4,ZeroPlusTick,54974f86-1286-e7fc-30fb-82f6d2c3fbc9,84624,8.4624e-4,2,4
2017-07-13T16:00:20.816524Z,XBTUSD,Sell,400,2334.9,MinusTick,0e933ec1-da07-6740-8438-41c768c3fd6d,17131200,0.171312,400,12
2017-07-14T00:00:08.702193Z,XBTUSD,Buy,100,2338.1,ZeroPlusTick,6ccf11e2-1184-de76-4824-9420c62ac2df,4277000,0.04277,100,20
2017-07-14T08:00:02.690040Z,XBTUSD,Sell,812,2339,ZeroMinusTick,0536d85f-1c5f-b5eb-966f-4db3fffc8b5f,34715436,0.3471544,812,4
2017-07-14T16:00:03.475813Z,XBTUSD,Buy,1,2250.4,ZeroPlusTick,69f6c4cc-6ed5-7dbc-0d0a-c712afecf30d,44437,4.4437e-4,1,12
2017-07-15T00:00:09.959576Z,XBTUSD,Buy,34,2212.3,PlusTick,379c953f-4e17-821e-48c7-30c7e6fce5c3,1536868,0.01536868,34,20
2017-07-15T08:00:04.112120Z,XBTUSD,Sell,800,2053.1,MinusTick,0594a5ef-fcd7-3a92-678f-f92082359ee8,38965600,0.389656,800,4
2017-07-15T16:00:08.444940Z,XBTUSD,Sell,1078,2029.5,MinusTick,a58574ac-4df1-6404-c49a-4c6e8637a6ff,53116294,0.5311629,1078,12
2017-07-16T00:00:06.226715Z,XBTUSD,Sell,100,1974.4,PlusTick,94fdd497-20c3-c801-a5ff-ae9027375f38,5064800,0.050648,100,20
2017-07-16T08:00:09.269462Z,XBTUSD,Buy,587,1977,PlusTick,83a07e1e-cf2d-6191-c616-fc41754e5e22,29691634,0.2969163,587,4
2017-07-16T16:00:02.769603Z,XBTUSD,Buy,135,1899.6,MinusTick,79744cf0-ef87-3ca7-adf4-29df65e927f6,7106805,0.07106805,135,12
2017-07-17T00:00:05.196272Z,XBTUSD,Sell,725,1924.4,MinusTick,637d28a0-8260-8672-10d7-4eb381af98ab,37673900,0.376739,725,20
2017-07-17T08:00:01.481309Z,XBTUSD,Buy,800,2055.8,MinusTick,e0c7e113-f3d5-d627-d584-fdc153fb3df7,38914400,0.389144,800,4
2017-07-17T16:00:07.816935Z,XBTUSD,Buy,500,2053.7,PlusTick,dc34563c-e9d8-be97-548d-f73ed35de818,24346500,0.243465,500,12
2017-07-18T00:00:01.277937Z,XBTUSD,Buy,8,2223.9,PlusTick,d0185214-68e2-3785-5037-059f2f673254,359728,0.00359728,8,20
2017-07-18T08:00:08.375692Z,XBTUSD,Sell,800,2261.7,MinusTick,05b2f600-7223-593c-8570-0cd14c91f69f,35372000,0.35372,800,4
2017-07-18T16:00:06.696985Z,XBTUSD,Buy,201,2350,ZeroPlusTick,42c24311-93e8-134f-4a15-88280123634c,8553153,0.08553153,201,12
2017-07-19T00:00:07.870280Z,XBTUSD,Buy,756,2303,ZeroMinusTick,c7e2182c-684f-04a3-c97e-83359faab0fe,32827032,0.3282703,756,20
2017-07-19T08:00:04.905756Z,XBTUSD,Sell,1000,2380.1,ZeroMinusTick,bedf292c-78e9-d09f-f302-39a5109e872e,42015000,0.42015,1000,4
2017-07-19T16:00:01.271729Z,XBTUSD,Buy,263,2314.1,ZeroMinusTick,8d7140d6-7e4c-eb26-907a-3f9f02c2cbd6,11365019,0.1136502,263,12
2017-07-20T00:00:07.653334Z,XBTUSD,Sell,1351,2261.2,MinusTick,b03d9e6c-de78-61b8-518a-0e6d8280c002,59746624,0.5974662,1351,20
2017-07-20T08:00:00.875095Z,XBTUSD,Buy,21,2311.8,PlusTick,9c605d2b-bd1c-4d5c-99c3-0b44b4fd944c,908376,0.00908376,21,4
2017-07-20T16:00:00.965646Z,XBTUSD,Buy,1914,2620.4,MinusTick,6ed35b15-1d37-2f06-2261-5305c3b588e2,73042068,0.7304207,1914,12
2017-07-21T00:00:01.753356Z,XBTUSD,Sell,367,2884.1,PlusTick,66a7c42c-7051-13a2-fa40-0b437ec0f00a,12724991,0.1272499,367,20
2017-07-21T08:00:02.049830Z,XBTUSD,Sell,1104,2759,ZeroMinusTick,a858e1f8-f6ba-3fb6-39c9-3bbc29ab01cb,40014480,0.4001448,1104,4
2017-07-21T16:00:07.254264Z,XBTUSD,Buy,15,2724,ZeroPlusTick,06be2f38-c90a-09ed-0189-62684619e875,550665,0.00550665,15,12
2017-07-22T00:00:04.039517Z,XBTUSD,Sell,5000,2666,ZeroMinusTick,5014b2ed-7b40-7f04-04ce-2dcef58afee2,187545000,1.87545,5000,20
2017-07-22T08:00:02.117439Z,XBTUSD,Sell,1007,2783.3,MinusTick,d7bce6a4-b7e6-dd61-0d57-aad06e01ee6c,36180503,0.361805,1007,4
2017-07-22T16:00:05.485383Z,XBTUSD,Buy,1,2790.2,PlusTick,5f621e75-9cdc-e633-c4b3-67ebd701859a,35840,3.584e-4,1,12
2017-07-23T00:00:07.420413Z,XBTUSD,Sell,4258,2833.1,MinusTick,7fc5013b-ecab-d84f-fe77-e16098225379,150294626,1.502946,4258,20
2017-07-23T08:00:02.777137Z,XBTUSD,Sell,2065,2711.1,ZeroMinusTick,88481cf0-5b20-d2ba-5c12-9447a3ed1705,76167525,0.7616753,2065,4
2017-07-23T16:00:20.922687Z,XBTUSD,Sell,2,2786.7,MinusTick,e54f72b2-9bbb-4a51-6118-035cd757169b,71770,7.177e-4,2,12
2017-07-24T00:00:00.967670Z,XBTUSD,Buy,884,2752.9,PlusTick,e5c979c6-afc0-ca85-2348-cfefdc515f17,32111300,0.321113,884,20
2017-07-24T08:00:09.559064Z,XBTUSD,Buy,34,2737.3,PlusTick,c022afbf-d37c-9a10-7bbd-4bdbb8fa202b,1242088,0.01242088,34,4
2017-07-24T16:00:22.337128Z,XBTUSD,Sell,100,2771.1,ZeroPlusTick,520d15f3-b3a4-81b8-986d-08c6bcfc5c21,3608700,0.036087,100,12
2017-07-25T00:00:03.146287Z,XBTUSD,Buy,4000,2764.4,ZeroPlusTick,d2dd8fe9-6afb-0585-0cca-cde2cdb01ea1,144696000,1.44696,4000,20
2017-07-25T08:00:01.728826Z,XBTUSD,Sell,40,2667.1,MinusTick,75706ec1-8c2c-ccb0-a352-c9b02c712cf6,1499760,0.0149976,40,4
2017-07-25T16:00:04.658186Z,XBTUSD,Buy,100,2569.1,PlusTick,5cc6300d-6040-7999-7b94-110a1e1a8c07,3892400,0.038924,100,12
2017-07-26T00:00:07.731364Z,XBTUSD,Buy,40,2559.9,PlusTick,9c307e48-49f0-260b-291a-7b1bcfa4bd7b,1562560,0.0156256,40,20
2017-07-26T08:00:01.584628Z,XBTUSD,Buy,30,2486.5,PlusTick,03598038-2de9-e69f-8244-3515ab34f0dc,1206510,0.0120651,30,4
2017-07-26T16:00:02.683259Z,XBTUSD,Buy,121,2424.6,ZeroPlusTick,add85d7c-3d49-815f-93cc-10020d34700e,4990524,0.04990524,121,12
2017-07-27T00:00:02.006379Z,XBTUSD,Sell,500,2530,MinusTick,be3661fe-ae37-4210-6909-915a1bb6a5be,19763000,0.19763,500,20
2017-07-27T08:00:03.724802Z,XBTUSD,Sell,4900,2531.5,ZeroPlusTick,3703bb49-5624-aac7-c2df-51ae9a02da7f,193559800,1.935598,4900,4
2017-07-27T16:00:04.802064Z,XBTUSD,Buy,100,2536.5,PlusTick,1f78eeaa-db20-db2a-6e47-3f24666f0466,3942400,0.039424,100,12
2017-07-28T00:00:06.318513Z,XBTUSD,Buy,1169,2662.3,ZeroMinusTick,2d6eb694-0bc2-6dae-b2c3-982eeb08bdfe,43909978,0.4390998,1169,20
2017-07-28T08:00:01.666286Z,XBTUSD,Sell,8,2732.5,ZeroMinusTick,5af144a8-b23f-8398-ead5-a69c9ee61ef6,292776,0.00292776,8,4
2017-07-28T16:00:01.143687Z,XBTUSD,Buy,651,2740.9,ZeroMinusTick,bdb3d45d-c40d-8cd0-9e16-597e28492558,23751084,0.2375108,651,12
2017-07-29T00:00:06.204492Z,XBTUSD,Sell,1279,2781.8,MinusTick,d46d3217-104e-b711-2ae3-2541908e2b92,45977492,0.4597749,1279,20
2017-07-29T08:00:02.180711Z,XBTUSD,Sell,5,2731.7,MinusTick,a33c8cdb-668a-124a-8734-3bfd337afb36,183035,0.00183035,5,4
2017-07-29T16:00:07.556916Z,XBTUSD,Sell,120,2700.1,ZeroMinusTick,da506223-6500-4e29-c5d3-f4e4ab0b603f,4444320,0.0444432,120,12
2017-07-30T00:00:00.791599Z,XBTUSD,Sell,10,2692.1,MinusTick,cb23d532-fced-f2f2-9450-eee19de7a913,371460,0.0037146,10,20
2017-07-30T08:00:00.968055Z,XBTUSD,Sell,545,2612.6,PlusTick,2de496d2-1c9c-cc23-6baf-77e5503e0022,20860420,0.2086042,545,4
2017-07-30T16:00:01.129589Z,XBTUSD,Sell,1210,2707.8,PlusTick,f5f736b9-c293-1c72-ba7c-f6f5b5fe4482,44685300,0.446853,1210,12
2017-07-31T00:00:16.713663Z,XBTUSD,Buy,1,2730.2,MinusTick,1380e333-3267-a07a-cd0e-e56868ca191b,36627,3.6627e-4,1,20
2017-07-31T08:00:01.652425Z,XBTUSD,Sell,100,2726.9,ZeroPlusTick,ce36dd23-348a-430e-4d77-b69d057cb117,3667200,0.036672,100,4
2017-07-31T16:00:05.979079Z,XBTUSD,Buy,314,2760,ZeroPlusTick,a9094416-9957-97d2-7738-7e5c3f477946,11376848,0.1137685,314,12
2017-08-01T00:00:01.733077Z,XBTUSD,Buy,75,2850.4,MinusTick,a17a9cd2-8e6e-b7b1-0e82-dd4abd96e568,2631225,0.02631225,75,20
2017-08-01T08:00:01.325855Z,XBTUSD,Sell,245,2723.1,MinusTick,601b35c9-fbf9-73d5-f4c7-abade8788be3,8997135,0.08997135,245,4
2017-08-01T16:00:00.844282Z,XBTUSD,Buy,990,2677,ZeroPlusTick,2efa4a20-99c9-3446-861a-8b1d3f259d75,36981450,0.3698145,990,12
2017-08-02T00:00:01.002098Z,XBTUSD,Buy,2651,2730.7,PlusTick,27b1f720-081e-6bca-28c3-7b48bff4a25c,97082271,0.9708227,2651,20
2017-08-02T08:00:02.923035Z,XBTUSD,Buy,500,2712.7,PlusTick,1f20c436-a886-211b-520d-6ecf9cba6b03,18432000,0.18432,500,4
2017-08-02T16:00:09.107849Z,XBTUSD,Buy,300,2692.7,ZeroMinusTick,c66b3dcc-4cda-b781-591d-4597c5bd7924,11141100,0.111411,300,12
2017-08-03T00:00:24.624887Z,XBTUSD,Sell,4000,2706.9,ZeroMinusTick,84e3dde8-f639-d013-5d9f-aca3fb4ab9ec,147772000,1.47772,4000,20
2017-08-03T08:00:24.136466Z,XBTUSD,Sell,4648,2715.3,ZeroMinusTick,86faf13d-d11d-651c-1fbc-5e98e04b926e,171176544,1.711765,4648,4
2017-08-03T16:00:07.184376Z,XBTUSD,Sell,8,2762.5,ZeroMinusTick,b6147100-ea62-4124-d0ea-e96e2a5c04a2,289592,0.00289592,8,12
2017-08-04T00:00:05.395709Z,XBTUSD,Sell,1,2787.7,ZeroMinusTick,be9ac904-328f-d35f-2096-3e0054d17c2f,35872,3.5872e-4,1,20
2017-08-04T08:00:01.679562Z,XBTUSD,Buy,200,2812.8,PlusTick,c0b2b36b-ad85-ac58-2845-4d5b37b19af4,7110400,0.071104,200,4
2017-08-04T16:00:03.987575Z,XBTUSD,Sell,302,2864.4,MinusTick,f97fb89b-2821-dbc8-a66f-aae9fb5007e8,10543122,0.1054312,302,12
2017-08-05T00:00:25.339719Z,XBTUSD,Buy,18,2854.8,MinusTick,eddbfbf8-61cd-04b7-b7f0-17dd987bac05,630522,0.00630522,18,20
2017-08-05T08:00:02.006438Z,XBTUSD,Sell,100,3140.1,ZeroPlusTick,102b85a0-69f9-26ac-a3b2-225670a90ed5,3184600,0.031846,100,4
2017-08-05T16:00:01.812490Z,XBTUSD,Sell,10,3195,MinusTick,c8e7163b-8e5c-a8d9-0900-3ce73c926312,312990,0.0031299,10,12
2017-08-06T00:00:11.348691Z,XBTUSD,Buy,49,3257.8,ZeroPlusTick,53f1d716-185b-05bd-c849-ef6385d7a7d7,1504104,0.01504104,49,20
2017-08-06T08:00:09.287575Z,XBTUSD,Sell,9,3173.6,MinusTick,50249b8d-fc6a-396e-b960-429532ed3f96,283590,0.0028359,9,4
2017-08-06T16:00:06.526741Z,XBTUSD,Buy,400,3239.6,PlusTick,35b24f80-6e52-8f81-5207-08dc44cc5d08,12347200,0.123472,400,12
2017-08-07T00:00:05.354326Z,XBTUSD,Buy,200,3221.9,PlusTick,3ccc80b7-6462-f956-584f-a42386f6540f,6207600,0.062076,200,20
2017-08-07T08:00:01.499513Z,XBTUSD,Buy,1,3234,PlusTick,760dc2bf-e77f-b7f7-e225-3af6c1c58629,30921,3.0921e-4,1,4
2017-08-07T16:00:23.248203Z,XBTUSD,Buy,881,3382.5,ZeroPlusTick,30f51120-4aef-0e25-7746-d524e9d04400,26045884,0.2604588,881,12
2017-08-08T00:00:04.672172Z,XBTUSD,Sell,24,3395.2,PlusTick,7393d078-b38d-b2ab-6f62-28d09b434241,706872,0.00706872,24,20
2017-08-08T08:00:00.744487Z,XBTUSD,Buy,80,3458.1,PlusTick,bb257a71-141d-0671-9d98-79fb0ca76274,2313440,0.0231344,80,4
2017-08-08T16:00:07.366405Z,XBTUSD,Buy,28,3374.6,PlusTick,472526dc-fa16-ff2c-5d94-c7605fd101bb,829724,0.0082972400000000009,28,12
2017-08-09T00:00:00.660135Z,XBTUSD,Buy,80,3422,MinusTick,5e24f314-f323-c16f-edb7-fa71ef51949e,2337840,0.0233784,80,20
2017-08-09T08:00:15.813222Z,XBTUSD,Buy,256,3404,PlusTick,18dfffbf-1a4c-6675-6621-24f3c768fd3b,7520512,0.07520512,256,4
2017-08-09T16:00:17.199882Z,XBTUSD,Buy,200,3282.1,PlusTick,bac4d2dd-2c7b-d53b-c8bb-7ed754806e64,6093600,0.060936,200,12
2017-08-10T00:00:00.941465Z,XBTUSD,Sell,2000,3341.2,ZeroMinusTick,8a39d902-e1de-8660-1d3c-91f847f4ebb9,59858000,0.59858,2000,20
2017-08-10T08:00:05.279494Z,XBTUSD,Sell,419,3396,PlusTick,c2c58c31-40ea-fc70-50ea-4f33565923bb,12337874,0.1233787,419,4
2017-08-10T16:00:05.886955Z,XBTUSD,Sell,122,3440.9,MinusTick,d65f21ac-ca7c-a963-7255-6a51e601b23c,3545564,0.03545564,122,12
2017-08-11T00:00:03.829102Z,XBTUSD,Sell,700,3412,MinusTick,b620fd76-360b-d036-dc4d-6fbed47f72aa,20515600,0.205156,700,20
2017-08-11T08:00:01.454965Z,XBTUSD,Buy,7,3501.9,PlusTick,f0c673ce-c40b-8b8b-e47b-78e07b12efdf,199892,0.00199892,7,4
2017-08-11T16:00:00.922099Z,XBTUSD,Buy,1420,3544.8,PlusTick,7cbeb092-3c8b-ff80-111f-56ab8e810aef,40058200,0.400582,1420,12
2017-08-12T00:00:07.649131Z,XBTUSD,Buy,500,3651.9,PlusTick,463c5a12-430b-b085-7ee7-8adf77ce039b,13691500,0.136915,500,20
2017-08-12T08:00:01.640400Z,XBTUSD,Buy,10,3785.2,PlusTick,d86b8e43-b4c8-67c1-de0d-5a6980400343,264190,0.0026419,10,4
2017-08-12T16:00:01.430201Z,XBTUSD,Buy,19,3879.8,ZeroPlusTick,fc35bcf3-32f6-0515-73aa-8bf88ef9de2c,489725,0.00489725,19,12
2017-08-13T00:00:01.671669Z,XBTUSD,Sell,5000,3874.4,ZeroMinusTick,1dc2c991-c3a2-b0e0-4064-6c7ab4000b75,129050000,1.2905,5000,20
2017-08-13T08:00:01.531319Z,XBTUSD,Sell,800,4173.4,MinusTick,52fdbaed-d9c8-b67f-635f-c0471a18cbb5,19168800,0.191688,800,4
2017-08-13T16:00:02.105697Z,XBTUSD,Sell,100,4036.9,PlusTick,52b5fdb3-2d34-5353-ddcd-934264d14c2d,2477100,0.024771,100,12
2017-08-14T00:00:01.869115Z,XBTUSD,Sell,7,4078.1,PlusTick,0bab8e2a-2ba6-5a95-6ade-ebf9c3aaa205,171647,0.00171647,7,20
2017-08-14T08:00:17.740519Z,XBTUSD,Sell,500,4074.2,PlusTick,09f3cdcb-7969-281b-904e-5f16f80949ac,12272500,0.122725,500,4
2017-08-14T16:00:03.142940Z,XBTUSD,Sell,300,4242,MinusTick,ceebb1c1-e633-9c91-a45c-3fe681d9fa31,7072200,0.070722,300,12
2017-08-15T00:00:02.294685Z,XBTUSD,Buy,70,4328.4,MinusTick,9426d04c-6897-92bc-18cb-36a3153185bb,1617210,0.0161721,70,20
2017-08-15T08:00:02.014234Z,XBTUSD,Buy,2,4300.8,MinusTick,42a005f0-fb28-4e64-749c-638b81a73014,46502,4.6502e-4,2,4
2017-08-15T16:00:02.515954Z,XBTUSD,Buy,500,3989,PlusTick,fb8e9620-a859-7de1-c51b-a6de30a44831,12534500,0.125345,500,12
2017-08-16T00:00:01.862903Z,XBTUSD,Buy,31,4158.1,ZeroPlusTick,553a97c5-968d-9450-e552-2abc73acaefa,745519,0.00745519,31,20
2017-08-16T08:00:02.415482Z,XBTUSD,Buy,100,4066,PlusTick,6e0c59e7-cc2c-2613-2acb-17bd6d053c89,2459400,0.024594,100,4
2017-08-16T16:00:02.255346Z,XBTUSD,Buy,60,4319.5,MinusTick,9724c604-3ac2-17cc-2c98-20a818cb4068,1389060,0.0138906,60,12
2017-08-17T00:00:01.668872Z,XBTUSD,Buy,200,4402.3,ZeroPlusTick,c0ee6d35-6c40-7a8e-53eb-2d2ea14dd490,4543000,0.04543,200,20
2017-08-17T08:00:02.629287Z,XBTUSD,Buy,2,4359,ZeroMinusTick,95aeb4f5-f664-5b10-d300-ed6fab0f6f41,45882,4.5882e-4,2,4
2017-08-17T16:00:01.016896Z,XBTUSD,Buy,250,4362.2,ZeroPlusTick,f1ea2dc0-3568-f223-174f-aa4acf1d0154,5731000,0.05731,250,12
2017-08-18T00:00:01.536113Z,XBTUSD,Buy,202,4278.3,ZeroPlusTick,fd8cc9de-9e76-a2ce-196c-1e5e64bedeee,4721548,0.04721548,202,20
2017-08-18T08:00:01.633183Z,XBTUSD,Sell,734,4282.7,ZeroMinusTick,7cf5c3ed-4ac3-a680-8c86-35aa63894fe8,17138900,0.171389,734,4
2017-08-18T16:00:06.314959Z,XBTUSD,Sell,443,4230.9,PlusTick,77f26afe-6185-b655-e876-2a1722bd9450,10470748,0.1047075,443,12
2017-08-19T00:00:03.415503Z,XBTUSD,Buy,10,4101.1,ZeroPlusTick,07fa8ced-6a3b-eaaf-ccd1-fa4c1168c695,243840,0.0024384,10,20
2017-08-19T08:00:01.835875Z,XBTUSD,Sell,100,4062.4,ZeroPlusTick,6c9ff3eb-f29f-7ea3-6953-c773bef2d9c8,2461600,0.024616,100,4
2017-08-19T16:00:02.637816Z,XBTUSD,Sell,400,4025.8,MinusTick,be8ecb3f-ae9b-dda9-9461-a11f0221dbe8,9936000,0.09936,400,12
2017-08-20T00:00:03.337944Z,XBTUSD,Buy,495,4131.2,PlusTick,761072a9-677a-14ac-b56e-c9332e3883ae,11981970,0.1198197,495,20
2017-08-20T08:00:01.881644Z,XBTUSD,Sell,300,4119.3,ZeroMinusTick,a2f5d395-d71a-9069-a770-94a08fe54058,7282800,0.072828,300,4
2017-08-20T16:00:09.751611Z,XBTUSD,Sell,10,4069,ZeroMinusTick,40581f18-f83f-859e-bde5-28e2a18ad39b,245760,0.0024576,10,12
2017-08-21T00:00:02.678450Z,XBTUSD,Sell,500,4050.8,PlusTick,f61fab20-a64f-e108-a750-b74610f411f6,12343000,0.12343,500,20
2017-08-21T08:00:17.319056Z,XBTUSD,Sell,108,4013,MinusTick,0830b430-0762-f2b4-6199-bb723c8fc5a4,2691252,0.02691252,108,4
2017-08-21T16:00:01.512892Z,XBTUSD,Sell,50,4008,MinusTick,7003d78f-02d5-cb6d-911d-6789d11d2e89,1247500,0.012475,50,12
2017-08-22T00:00:02.119762Z,XBTUSD,Sell,1,3998,MinusTick,2cc2117a-c5e1-f1f9-e4a0-b45842ddd22e,25013,2.5013e-4,1,20
2017-08-22T08:00:03.353661Z,XBTUSD,Buy,250,3780,PlusTick,4f9a971b-f90d-c3a8-329e-8bf7761f3517,6613750,0.0661375,250,4
2017-08-22T16:00:10.810542Z,XBTUSD,Sell,10,3906.3,MinusTick,eda76a31-5c5c-751f-df32-ddd20ef963de,256000,0.00256,10,12
2017-08-23T00:00:02.139801Z,XBTUSD,Sell,10,4101.5,MinusTick,882df657-cb8e-e2d8-f12d-504688682851,243810,0.0024381,10,20
2017-08-23T08:00:23.288282Z,XBTUSD,Buy,500,4115,ZeroPlusTick,21661ef4-ed21-1f3c-1d84-6ca261403680,12150500,0.121505,500,4
2017-08-23T16:00:06.235786Z,XBTUSD,Buy,50,4222.1,MinusTick,1f85a520-5f2f-c4ba-40ec-ceec0261d869,1184250,0.0118425,50,12
2017-08-24T00:00:02.432075Z,XBTUSD,Buy,10,4138.1,PlusTick,cfb2423f-807e-2582-1cb9-dc547ea3a6d7,241660,0.0024166,10,20
2017-08-24T08:00:01.819602Z,XBTUSD,Sell,222,4163.4,MinusTick,3c566b0a-e77e-3df2-dfe9-e5b08a3292e6,5332218,0.05332218,222,4
2017-08-24T16:00:11.419190Z,XBTUSD,Sell,500,4235.8,ZeroMinusTick,f6befa7f-4c02-fb52-33b4-248191429366,11804000,0.11804,500,12
2017-08-25T00:00:03.331446Z,XBTUSD,Buy,1813,4319.3,PlusTick,5ad8f9d5-4e58-420d-cc27-c6080150b100,41974576,0.4197458,1813,20
2017-08-25T08:00:02.567872Z,XBTUSD,Sell,2000,4347.9,MinusTick,ab5dd91e-701f-8cc9-ba8c-d27bc2ded35a,46000000,0.46,2000,4
2017-08-25T16:00:01.575304Z,XBTUSD,Sell,4380,4435.2,ZeroMinusTick,02d04ece-f7b3-5989-5100-e1d9be70c33a,98755860,0.9875586,4380,12
2017-08-26T00:00:02.060647Z,XBTUSD,Sell,3,4357.3,MinusTick,42e6a4ac-5234-f850-de04-1b17bf47c0d7,68850,6.885e-4,3,20
2017-08-26T08:01:02.354894Z,XBTUSD,Buy,1,4339.3,PlusTick,3af14fb8-336f-b31e-31f4-63afdad3ecb0,23045,2.3045e-4,1,4
2017-08-26T16:00:01.512881Z,XBTUSD,Sell,55,4293.4,MinusTick,5172a35c-cc24-2ee9-2667-1fb8fba94078,1281060,0.0128106,55,12
2017-08-27T00:00:01.561527Z,XBTUSD,Sell,2594,4334.8,MinusTick,6f6dc927-be8e-6368-6ead-0c97946dceee,59840986,0.5984099,2594,20
2017-08-27T08:00:02.226649Z,XBTUSD,Buy,17,4338.7,MinusTick,e88414a8-4634-f234-619e-1236ab12406b,391816,0.00391816,17,4
2017-08-27T16:00:12.691574Z,XBTUSD,Sell,4,4353.1,PlusTick,aebfb7d4-bb7b-8e95-1501-3caf8c36f9f3,91888,9.1888e-4,4,12
2017-08-28T00:00:07.897306Z,XBTUSD,Sell,500,4341.8,MinusTick,422db157-9b35-10ce-de2e-07b619681c0d,11516000,0.11516,500,20
2017-08-28T08:00:01.695302Z,XBTUSD,Sell,504,4271.9,ZeroMinusTick,44d484dd-f011-c59c-4d75-c299fdba0189,11798136,0.1179814,504,4
2017-08-28T16:00:12.994925Z,XBTUSD,Buy,945,4294.1,PlusTick,e03c1766-cb8b-12f6-2842-f846e5c28726,22007160,0.2200716,945,12
2017-08-29T00:00:05.725676Z,XBTUSD,Buy,100,4390.8,ZeroPlusTick,dbc9b387-bb1a-1bdb-e1b3-9f5aa7c3d016,2277500,0.022775,100,20
2017-08-29T08:00:09.429517Z,XBTUSD,Sell,100,4342.4,PlusTick,e6ee838e-8b91-b78b-0dbf-738e096afb6b,2302900,0.023029,100,4
2017-08-29T16:00:01.248021Z,XBTUSD,Sell,12,4601.1,ZeroPlusTick,2ac17609-2c17-dd7a-ce7a-fbb9bdba41bd,260808,0.00260808,12,12
2017-08-30T00:00:02.054291Z,XBTUSD,Buy,1000,4591.8,ZeroPlusTick,2ec92014-697a-06d0-112e-d0bdef2ca84f,21778000,0.21778,1000,20
2017-08-30T08:00:05.423378Z,XBTUSD,Sell,25,4574.6,ZeroMinusTick,43e2b377-9619-5729-0541-352897b60f65,546500,0.005465,25,4
2017-08-30T16:00:09.560350Z,XBTUSD,Sell,46,4571.2,MinusTick,89b69014-86c1-f1c9-0250-726fc7c1ac47,1006296,0.01006296,46,12
2017-08-31T00:00:08.675246Z,XBTUSD,Buy,71,4569.2,ZeroPlusTick,9f447e4b-22ff-2b45-7819-39b9930b652f,1553906,0.01553906,71,20
2017-08-31T08:00:01.048378Z,XBTUSD,Buy,1859,4622.2,ZeroPlusTick,d63340e2-d9fa-f057-0cc8-1191a5109441,40219465,0.4021946,1859,4
2017-08-31T16:00:01.026898Z,XBTUSD,Buy,400,4727,ZeroPlusTick,3c3fd8f6-af61-331e-0e72-2a9e34934390,8462000,0.08462,400,12
2017-09-01T00:00:01.032662Z,XBTUSD,Sell,500,4723.9,ZeroMinusTick,83881187-c886-c35c-fef3-2c0864d8604e,10584500,0.105845,500,20
2017-09-01T08:00:03.235269Z,XBTUSD,Buy,10000,4751.1,MinusTick,faa4f754-2f13-8034-0006-6eb845e5bba2,210480000,2.1048,10000,4
2017-09-01T16:00:03.422000Z,XBTUSD,Buy,100,4843.5,ZeroPlusTick,e21da86b-cb57-29b2-a5f9-8b5fac3983c4,2064600,0.020646,100,12
2017-09-02T00:00:02.253422Z,XBTUSD,Buy,140,4944.5,ZeroPlusTick,d3e0b343-1631-6602-a098-07827b7f3946,2831360,0.0283136,140,20
2017-09-02T08:00:05.197366Z,XBTUSD,Buy,300,4757.9,ZeroPlusTick,a1f91341-2d1a-44a6-a0c0-999630f98b32,6305400,0.063054,300,4
2017-09-02T16:00:02.996588Z,XBTUSD,Buy,10,4592.4,PlusTick,d90413ad-1de0-4bd7-64f8-64dfcd347659,217750,0.0021775,10,12
2017-09-03T00:00:07.327538Z,XBTUSD,Buy,13,4633.2,PlusTick,349e92b8-1fcc-c421-236f-828100855e51,280579,0.00280579,13,20
2017-09-03T08:00:02.128196Z,XBTUSD,Sell,96,4658.9,MinusTick,28416410-d953-9ffa-b59b-7544973d5d71,2060544,0.02060544,96,4
2017-09-03T16:00:01.557011Z,XBTUSD,Buy,10,4489.4,PlusTick,4e843337-71d5-b3d7-a6bd-8e477fe2ebb2,222750,0.0022275,10,12
2017-09-04T00:00:01.596917Z,XBTUSD,Sell,21,4624.1,MinusTick,b55bdc7b-e46b-7ae8-7028-e83fa2604c39,454146,0.00454146,21,20
2017-09-04T08:00:01.459177Z,XBTUSD,Buy,1839,4393.7,PlusTick,a6cb53a1-b927-8425-bf37-25fe99b05622,41855640,0.4185564,1839,4
2017-09-04T16:00:03.254156Z,XBTUSD,Sell,200,4318.7,ZeroPlusTick,d6fdab87-c0f4-5f50-b741-7fb369d66d3c,4631000,0.04631,200,12
2017-09-05T00:00:10.022419Z,XBTUSD,Sell,10,4339.7,MinusTick,24363120-def0-32ec-3e08-aa1288c9f7cc,230430,0.0023043,10,20
2017-09-05T08:00:03.675742Z,XBTUSD,Sell,9990,4301.5,ZeroMinusTick,301b2994-94cb-a75a-b71d-13721a8beeac,232247520,2.3224752,9990,4
2017-09-05T16:00:02.685573Z,XBTUSD,Sell,200,4315.7,ZeroMinusTick,b1158267-1872-a916-753d-b595e6510544,4634200,0.046342,200,12
2017-09-06T00:00:08.316472Z,XBTUSD,Sell,10000,4427.6,PlusTick,7f268d4d-f0dd-7746-9205-8e0295e6fe13,225860000,2.2586,10000,20
2017-09-06T08:00:01.875998Z,XBTUSD,Buy,800,4527.8,PlusTick,67b4657f-00b8-4f6e-8cb1-44f649f61d80,17668800,0.176688,800,4
2017-09-06T16:00:01.943956Z,XBTUSD,Sell,300,4651.7,MinusTick,95c6c503-59e7-9273-5ad8-0289aa770393,6449400,0.064494,300,12
2017-09-07T00:00:03.026834Z,XBTUSD,Sell,2450,4608.2,ZeroPlusTick,0cf09ad5-0b52-4391-5ee7-f9bce81712e4,53165000,0.53165,2450,20
2017-09-07T08:00:04.623389Z,XBTUSD,Buy,1200,4488.4,ZeroPlusTick,45b990b3-efdf-fce5-9287-a6792187d2c6,26736000,0.26736,1200,4
2017-09-07T16:00:01.744626Z,XBTUSD,Buy,7365,4649.7,ZeroPlusTick,c1fce098-11ca-abdc-bb10-5f08f093725b,158399055,1.58399055,7365,12
2017-09-08T00:00:02.546264Z,XBTUSD,Sell,250,4613.9,ZeroMinusTick,b88aecf6-adac-c91a-296a-bb973d92cf7a,5418500,0.054185,250,20
2017-09-08T08:00:04.113777Z,XBTUSD,Buy,1000,4645.6,PlusTick,4dcae05b-e053-493c-90ad-c5fd09b4ce07,21526000,0.21526,1000,4
2017-09-08T16:00:01.398684Z,XBTUSD,Sell,2397,4381,PlusTick,88f9cf3a-fe48-f4f3-e987-4070dc42dd93,54713922,0.54713922,2397,12
2017-09-09T00:00:02.184482Z,XBTUSD,Sell,68,4317.9,ZeroMinusTick,9dedd9b3-e93e-7322-13a0-9f363749a6ea,1574812,0.01574812,68,20
2017-09-09T08:00:01.485399Z,XBTUSD,Sell,15,4357.1,MinusTick,dfb4b9d5-7cad-90eb-6d50-9f16b61f193c,344265,0.00344265,15,4
2017-09-09T16:00:02.161088Z,XBTUSD,Buy,100,4290.5,ZeroPlusTick,bb643824-76b2-0b8c-8a24-f1b42458d815,2330700,0.023307,100,12
2017-09-10T00:00:07.529858Z,XBTUSD,Sell,1000,4324.8,MinusTick,01952299-3b0f-0f7c-5d0d-89a83f9f2c76,23122000,0.23122,1000,20
2017-09-10T08:00:03.638717Z,XBTUSD,Sell,7740,4116,MinusTick,0e6ecd8f-f17c-3ebf-8a0f-8ca171b94d6e,188043300,1.880433,7740,4
2017-09-10T16:00:02.217766Z,XBTUSD,Buy,6,4156.5,ZeroPlusTick,9bbc9843-5b7c-0dba-3df2-76c5378359c6,144354,0.00144354,6,12
2017-09-11T00:00:04.758419Z,XBTUSD,Sell,100,4239.8,PlusTick,99a85839-679b-bc26-7ee8-75c30e46d610,2358600,0.023586,100,20
2017-09-11T08:00:01.939502Z,XBTUSD,Sell,533,4172.8,MinusTick,23ae482e-9240-62eb-7449-4dc5fcbd5cc1,12773345,0.12773345,533,4
2017-09-11T16:00:20.997490Z,XBTUSD,Buy,1,4237.8,PlusTick,74b76614-3150-de17-b3a7-90b5f66f8685,23597,2.3597e-4,1,12
2017-09-12T00:00:02.693181Z,XBTUSD,Sell,4880,4207,ZeroMinusTick,d31773b6-5952-6e0e-5b18-0a320e953e2e,115997600,1.159976,4880,20
2017-09-12T08:00:09.264246Z,XBTUSD,Buy,21,4346,PlusTick,c929df3f-f637-ddc3-5acc-acc97e8708e6,483210,0.0048321,21,4
2017-09-12T16:00:00.928842Z,XBTUSD,Sell,30,4230,ZeroMinusTick,6d424dcd-12a4-ddba-de43-74687016fd80,709230,0.0070923,30,12
2017-09-13T00:00:02.966651Z,XBTUSD,Sell,100,4148.8,ZeroMinusTick,f3173df0-bf0e-d265-44dc-a76a4c71efe7,2410300,0.024103,100,20
2017-09-13T08:00:01.663331Z,XBTUSD,Sell,3800,3952.1,MinusTick,716af3f7-ef33-f6bc-ecb1-c46c0330fc46,96151400,0.961514,3800,4
2017-09-13T16:00:01.918033Z,XBTUSD,Sell,900,3833.4,MinusTick,48b11c6a-5528-55b3-4109-b89964b5a1f1,23478300,0.234783,900,12
2017-09-14T00:00:02.119863Z,XBTUSD,Buy,1000,3856.5,MinusTick,f6c0073e-17ba-6dab-2fa6-b2c2ccfbb55b,25930000,0.2593,1000,20
2017-09-14T08:00:03.261420Z,XBTUSD,Buy,400,3869.2,MinusTick,ed20ee30-dc1b-b41a-cbe5-6e4f16592e83,10338000,0.10338,400,4
2017-09-14T16:00:01.958503Z,XBTUSD,Sell,100,3542.7,PlusTick,3d493fd0-32a0-a4ef-bdcf-bcff0fc54a2b,2822700,0.028227,100,12
2017-09-15T00:00:02.256864Z,XBTUSD,Buy,3000,3224,PlusTick,31fc4be6-b562-f11c-d49b-c2f05cc5e5ef,93051000,0.93051,3000,20
2017-09-15T08:00:01.558073Z,XBTUSD,Buy,3000,3121.8,MinusTick,0a7d9fee-ffe4-fa69-076c-259e15ebf5e8,96099000,0.96099,3000,4
2017-09-15T16:00:02.634745Z,XBTUSD,Sell,77,3715.6,MinusTick,f2ba1266-2fa5-7d19-08ac-d9fdde1f613c,2072378,0.02072378,77,12
2017-09-16T00:00:01.900281Z,XBTUSD,Buy,3,3705.8,MinusTick,8ed726a5-436d-a898-24b2-117a42a116f7,80955,8.0955e-4,3,20
2017-09-16T08:00:04.276647Z,XBTUSD,Buy,50,3829.6,ZeroMinusTick,45222860-e2b3-9141-090c-b7aa386a0b1a,1305600,0.013056,50,4
2017-09-16T16:00:01.911294Z,XBTUSD,Sell,72,3596,PlusTick,bb081545-890e-b95a-3603-d96cdec82ee8,2002248,0.02002248,72,12
2017-09-17T00:00:02.499436Z,XBTUSD,Buy,100,3696.9,MinusTick,6de65b04-3d0a-0443-5a20-19bff0ba0e97,2705000,0.02705,100,20
2017-09-17T08:00:03.564039Z,XBTUSD,Sell,1000,3521.6,PlusTick,e78d6abf-b0a3-8c86-f96d-665bc5a0bc28,28396000,0.28396,1000,4
2017-09-17T16:00:02.225143Z,XBTUSD,Buy,220,3696,PlusTick,e958a205-8c89-72be-2b5c-ef3f37b57514,5952320,0.0595232,220,12
2017-09-18T00:00:04.481173Z,XBTUSD,Sell,500,3687,MinusTick,59d82671-ba35-a6de-8ce1-e9f181d229c6,13561000,0.13561,500,20
2017-09-18T08:00:02.864032Z,XBTUSD,Sell,1920,3938,MinusTick,21d8027a-08c2-be44-dc0d-c1560bb2f04b,48756480,0.4875648,1920,4
2017-09-18T16:00:02.413387Z,XBTUSD,Sell,1000,4028.8,MinusTick,a1044f90-b68b-b607-256e-0edbefaf17bd,24821000,0.24821,1000,12
2017-09-19T00:00:02.530334Z,XBTUSD,Buy,2491,4110.3,PlusTick,e30f59f8-3d42-5a51-6d65-028a4192b6e8,60603539,0.60603539,2491,20
2017-09-19T08:00:05.858103Z,XBTUSD,Buy,1079,3901,ZeroPlusTick,ded0c5ff-aefb-c637-bd73-7ed0301e2483,27659086,0.27659086,1079,4
2017-09-19T16:00:03.383342Z,XBTUSD,Buy,1000,4011,ZeroPlusTick,dd4cb45e-6791-a158-4caf-751fafb7fce8,24931000,0.24931,1000,12
2017-09-20T00:00:01.862554Z,XBTUSD,Sell,400,3883.3,MinusTick,83b88917-02af-d22b-4d6f-69262106c9e9,10300400,0.103004,400,20
2017-09-20T08:00:02.777853Z,XBTUSD,Sell,5000,3948.2,ZeroMinusTick,5f1e1020-9e81-8658-b7bd-0cc1c976db1f,126640000,1.2664,5000,4
2017-09-20T16:00:01.774518Z,XBTUSD,Buy,1,4009,PlusTick,f115d330-85c4-71cf-96cd-e3c0d9781f42,24944,2.4944e-4,1,12
2017-09-21T00:00:02.685786Z,XBTUSD,Buy,568,3867.1,ZeroMinusTick,f024cc83-ec5e-e706-e53b-180fa26fbdb4,14687912,0.14687912,568,20
2017-09-21T08:00:45.848330Z,XBTUSD,Sell,10,3889,ZeroMinusTick,c524a407-3171-eaca-69cf-49dee6a567ae,257140,0.0025714,10,4
2017-09-21T16:00:03.974491Z,XBTUSD,Sell,13,3746.8,ZeroMinusTick,d1bb2383-c8ec-7eae-15e2-a7bb98a5ed49,346957,0.00346957,13,12
2017-09-22T00:00:01.490893Z,XBTUSD,Buy,369,3611,ZeroPlusTick,374b0654-d8c1-b94d-28b8-4720bdb1f758,10218717,0.10218717,369,20
2017-09-22T08:00:11.853932Z,XBTUSD,Sell,799,3675.5,MinusTick,b0ac0972-ee4c-4c3a-ce4d-80e981b962e6,21738393,0.21738393,799,4
2017-09-22T16:00:06.688826Z,XBTUSD,Sell,5,3542.4,MinusTick,2fbcf433-27e7-10bb-df19-ded62d4f936a,141145,0.00141145,5,12
2017-09-23T00:00:01.461835Z,XBTUSD,Sell,200,3603,MinusTick,1b048071-71c8-8e9d-708a-44bf0d1ac40b,5551000,0.05551,200,20
2017-09-23T08:00:01.870556Z,XBTUSD,Buy,69,3698,PlusTick,61658a2f-6a5a-d750-f858-003355b69a18,1865898,0.01865898,69,4
2017-09-23T16:00:03.986039Z,XBTUSD,Buy,500,3727.9,PlusTick,287c7af4-fbf6-7932-89f2-8a4da584138a,13412500,0.134125,500,12
2017-09-24T00:00:09.303040Z,XBTUSD,Sell,40,3778.8,MinusTick,b0f2ec56-ba19-3b78-c828-3bb191750525,1058520,0.0105852,40,20
2017-09-24T08:00:01.371917Z,XBTUSD,Sell,345,3648.5,ZeroMinusTick,bf4b4782-defd-f6bc-2d1e-632aca01337d,9456105,0.09456105,345,4
2017-09-24T16:00:02.426465Z,XBTUSD,Buy,200,3689.5,PlusTick,325d6388-6efc-1b23-f80f-03e3d51208e0,5420800,0.054208,200,12
2017-09-25T00:00:01.821676Z,XBTUSD,Buy,95,3660.6,PlusTick,7a5614ce-547a-f1ef-004a-186e9941322f,2595210,0.0259521,95,20
2017-09-25T08:00:08.215607Z,XBTUSD,Buy,1990,3781,PlusTick,05e32a98-1751-988e-8adf-2e5265ad4ee5,52631520,0.5263152,1990,4
2017-09-25T16:00:00.754363Z,XBTUSD,Sell,1880,3938.8,MinusTick,fe242213-9526-3a4c-b9d6-95ee68ba1cd6,47729440,0.4772944,1880,12
2017-09-26T00:00:07.790524Z,XBTUSD,Sell,400,3924.9,MinusTick,0be548b6-d7ca-18d0-186c-ab40368f862b,10191200,0.101912,400,20
2017-09-26T08:00:01.345129Z,XBTUSD,Buy,547,3924,PlusTick,841bca24-60f6-592f-8e45-42900bd4c765,13939748,0.13939748,547,4
2017-09-26T16:00:07.471723Z,XBTUSD,Sell,10,3933.2,MinusTick,a1a0a610-c655-5585-fe1d-4189efeadf26,254250,0.0025425,10,12
2017-09-27T00:00:05.993403Z,XBTUSD,Sell,1,3873.9,MinusTick,11a44ecf-251e-1e4f-a0b6-3fc847da78be,25814,2.5814e-4,1,20
2017-09-27T08:00:00.948503Z,XBTUSD,Buy,1,3943.6,PlusTick,05ca285d-75b3-112b-0c4a-866e0a9d41cd,25358,2.5358e-4,1,4
2017-09-27T16:00:01.937041Z,XBTUSD,Sell,1,4080,ZeroMinusTick,9ac06224-575d-f219-162a-c8d88344aa78,24510,2.451e-4,1,12
2017-09-28T00:00:01.867274Z,XBTUSD,Buy,500,4202.3,MinusTick,d74a4656-fb48-74fc-fe84-3efc6b17d6e3,11898000,0.11898,500,20
2017-09-28T08:00:04.222530Z,XBTUSD,Buy,1,4235.3,PlusTick,8a6b8160-c687-336a-69af-5b751aac3b8e,23611,2.3611e-4,1,4
2017-09-28T16:00:00.975225Z,XBTUSD,Sell,1,4148,MinusTick,71008067-e710-97a6-4f72-517e545732bd,24108,2.4108e-4,1,12
2017-09-29T00:00:04.155757Z,XBTUSD,Buy,1,4187.9,ZeroPlusTick,794b7920-e0d0-029c-ba9a-232f7e6f5c5d,23878,2.3878e-4,1,20
2017-09-29T08:00:02.395655Z,XBTUSD,Buy,12,4098.8,PlusTick,19bd47c6-d62b-e8b0-d06a-017f0a4d340b,292764,0.00292764,12,4
2017-09-29T16:00:01.830904Z,XBTUSD,Sell,934,4189.9,MinusTick,21dac3cb-db52-4550-5902-3e2f9228b66d,22291778,0.22291778,934,12
2017-09-30T00:00:02.860470Z,XBTUSD,Buy,245,4164.8,ZeroPlusTick,73aa57d5-64ea-328d-10c6-da8160851032,5882695,0.05882695,245,20
2017-09-30T08:00:01.061032Z,XBTUSD,Sell,100,4303.3,ZeroMinusTick,d1a1aab9-e5db-6b55-0182-9fa1b52266ea,2323800,0.023238,100,4
2017-09-30T16:00:00.972137Z,XBTUSD,Sell,354,4322.8,MinusTick,27787cbf-7973-2690-d04c-9aebb7007a93,8189082,0.08189082,354,12
2017-10-01T00:00:00.896559Z,XBTUSD,Sell,1,4327.3,ZeroMinusTick,fc6f8dc5-3623-9bc6-a2e3-03154b7844be,23109,2.3109e-4,1,20
2017-10-01T08:00:00.854824Z,XBTUSD,Buy,499,4317.5,ZeroMinusTick,da8b9b5c-818e-8995-b9f4-6e99f3367822,11557838,0.11557838,499,4
2017-10-01T16:00:03.408955Z,XBTUSD,Buy,13,4291.8,PlusTick,234a49c7-aecb-4bdd-bc4e-2d64b13a4ae3,302900,0.003029,13,12
2017-10-02T00:00:01.288041Z,XBTUSD,Sell,3,4382.8,ZeroPlusTick,7884cc38-5147-bd29-b293-8f8e36e73200,68448,6.8448e-4,3,20
2017-10-02T08:00:03.333650Z,XBTUSD,Sell,13,4409.8,MinusTick,8275f53c-e17d-d40c-96fc-57a57215ebc7,294801,0.00294801,13,4
2017-10-02T16:00:00.760488Z,XBTUSD,Sell,66,4378.3,ZeroMinusTick,84328113-c3f9-c1a3-cf6c-29c549df304a,1507440,0.0150744,66,12
2017-10-03T00:00:07.222814Z,XBTUSD,Buy,18,4388.1,PlusTick,02de3e46-0324-75b9-ea4f-9c0804ff9ab0,410202,0.00410202,18,20
2017-10-03T08:00:01.543621Z,XBTUSD,Sell,51,4288.7,MinusTick,d05c9de6-9424-a025-beff-b7f06be948c0,1189167,0.01189167,51,4
2017-10-03T16:00:01.652825Z,XBTUSD,Buy,13218,4288,ZeroPlusTick,5b351617-c7ba-491c-d7d6-f7b67c20430b,308256978,3.08256978,13218,12
2017-10-04T00:00:01.854315Z,XBTUSD,Sell,499,4318.2,MinusTick,e52404dc-3a3e-aea9-4258-7af4b7b1c145,11555842,0.11555842,499,20
2017-10-04T08:00:02.688936Z,XBTUSD,Buy,10,4323.8,PlusTick,c22a46d4-039d-4381-aeee-392c7f554c7c,231280,0.0023128,10,4
2017-10-04T16:00:02.573162Z,XBTUSD,Buy,56,4207.4,PlusTick,f590eafe-a47b-4733-10a3-eb87f576500c,1331008,0.01331008,56,12
2017-10-05T00:00:03.155891Z,XBTUSD,Buy,750,4213.4,PlusTick,48c5a37b-a45f-0bc3-6ff1-4175f4e6af15,17800500,0.178005,750,20
2017-10-05T08:00:01.374606Z,XBTUSD,Buy,200,4157.9,PlusTick,c2e40bd4-0eba-f39a-3437-48b55aabf031,4810200,0.048102,200,4
2017-10-05T16:00:02.602609Z,XBTUSD,Sell,1,4310.8,MinusTick,71dd5db8-f62e-9c07-b22d-fc468600a7e1,23198,2.3198e-4,1,12
2017-10-06T00:00:05.643574Z,XBTUSD,Buy,1,4311.4,ZeroPlusTick,23d82144-273f-4bb9-8da1-3156681b9f52,23194,2.3194e-4,1,20
2017-10-06T08:00:07.372085Z,XBTUSD,Sell,1,4403.4,MinusTick,30850443-80ee-21eb-94ac-5626c1a7e99d,22710,2.271e-4,1,4
2017-10-06T16:00:11.910014Z,XBTUSD,Buy,200,4376.5,ZeroPlusTick,7f656ed6-249f-8c37-20af-6201b5a588d0,4569800,0.045698,200,12
2017-10-07T00:00:38.824226Z,XBTUSD,Buy,600,4372.1,ZeroPlusTick,e0f1e482-b9e2-0d2a-3eb2-2bd9a5e55b5a,13723200,0.137232,600,20
2017-10-07T08:00:05.176106Z,XBTUSD,Sell,1,4328.5,MinusTick,4e232b86-8076-5264-b211-51912c54d062,23103,2.3103e-4,1,4
2017-10-07T16:00:06.662768Z,XBTUSD,Sell,5,4343.5,ZeroMinusTick,50ea0dfa-9841-1609-db4f-14a774e854cc,115115,0.00115115,5,12
2017-10-08T00:00:01.175221Z,XBTUSD,Buy,2180,4445.4,PlusTick,71beb632-97a0-dc6e-7ead-d7547bd7b8fa,49039100,0.490391,2180,20
2017-10-08T08:00:03.211338Z,XBTUSD,Buy,10000,4452.4,ZeroPlusTick,153dec89-ccf1-6d6a-8668-824449905b75,224600000,2.246,10000,4
2017-10-08T16:00:01.089182Z,XBTUSD,Buy,3800,4568.8,PlusTick,d93cac60-e96b-6770-867f-c740839b07c1,83174400,0.831744,3800,12
2017-10-09T00:00:00.830215Z,XBTUSD,Sell,1,4591,ZeroMinusTick,d04c0d07-001b-0384-1985-35d93a753431,21782,2.1782e-4,1,20
2017-10-09T08:00:02.826524Z,XBTUSD,Buy,1,4582.2,ZeroPlusTick,ba3d0dc9-fa5d-081d-14cb-b2d90f08627a,21824,2.1824e-4,1,4
2017-10-09T16:00:00.781368Z,XBTUSD,Buy,400,4640.3,ZeroMinusTick,f1818c6b-c39e-9ee6-a012-78b39bbd4f9e,8620000,0.0862,400,12
2017-10-10T00:00:01.242228Z,XBTUSD,Buy,48,4798.9,PlusTick,4f6747dc-8b0f-b29a-d0f9-440f44f528da,1000224,0.01000224,48,20
2017-10-10T08:00:01.310628Z,XBTUSD,Sell,5000,4785.5,MinusTick,9551df37-a144-c2ae-b88e-16ed59fc9a00,104480000,1.0448,5000,4
2017-10-10T16:00:03.348652Z,XBTUSD,Sell,25,4803,MinusTick,e9d59534-abcf-4297-30e2-bb47090806f1,520500,0.005205,25,12
2017-10-11T00:00:06.711704Z,XBTUSD,Buy,49,4771.8,PlusTick,7695fcdd-ee2c-f7cd-6d47-87e7672c8e5a,1026844,0.01026844,49,20
2017-10-11T08:00:01.543538Z,XBTUSD,Sell,10,4790.7,MinusTick,56eab2d4-03c6-2097-4cf3-1b7422065324,208740,0.0020874,10,4
2017-10-11T16:00:01.339806Z,XBTUSD,Sell,4000,4844.5,ZeroMinusTick,adfce0e5-bf56-aba7-169b-cf76b3927c89,82568000,0.82568,4000,12
2017-10-12T00:00:33.392425Z,XBTUSD,Buy,100,4822,ZeroMinusTick,49c84628-adbd-1ef4-12cb-0517b895c2ca,2073800,0.020738,100,20
2017-10-12T08:00:02.037116Z,XBTUSD,Buy,994,5059.9,ZeroPlusTick,7a32261e-2f67-a0d0-8d26-a1a267b6b8b9,19644422,0.19644422,994,4
2017-10-12T16:00:01.487871Z,XBTUSD,Buy,340,5331.9,PlusTick,33790b32-6bff-26fd-b934-d050f7551db4,6376700,0.063767,340,12
2017-10-13T00:00:02.395144Z,XBTUSD,Buy,1000,5464.7,PlusTick,36243703-e323-eebb-e252-6ef67bbc205d,18299000,0.18299,1000,20
2017-10-13T08:00:01.405607Z,XBTUSD,Buy,4000,5660,ZeroPlusTick,37422075-cbdd-d985-9fe3-13389ad84cfb,70672000,0.70672,4000,4
2017-10-13T16:00:03.005559Z,XBTUSD,Sell,3000,5815,ZeroMinusTick,da9f8ad6-d2a2-681a-8779-aecde810434b,51591000,0.51591,3000,12
2017-10-14T00:00:00.873265Z,XBTUSD,Buy,50,5667.3,ZeroPlusTick,83f8bf69-d2ab-231c-e161-0276814bb196,882250,0.0088225,50,20
2017-10-14T08:00:09.266301Z,XBTUSD,Sell,41,5660.4,ZeroMinusTick,74b491d2-534f-6c1f-80ad-141ac94dee03,724347,0.00724347,41,4
2017-10-14T16:00:01.174918Z,XBTUSD,Sell,1000,5762.6,MinusTick,13c5c409-acfe-3e71-e0d3-f057f2bb5151,17353000,0.17353,1000,12
2017-10-15T00:00:01.458968Z,XBTUSD,Buy,2000,5872.2,PlusTick,66ca33d8-0346-d983-87ea-f69d6a474674,34058000,0.34058,2000,20
2017-10-15T08:00:05.477313Z,XBTUSD,Sell,25,5788,MinusTick,6be30fdd-c683-0993-5690-64db11c3f58e,431925,0.00431925,25,4
2017-10-15T16:00:06.571753Z,XBTUSD,Sell,149,5525.8,ZeroMinusTick,ec443674-3b18-3b3f-5ec7-c1600708d462,2696453,0.02696453,149,12
2017-10-16T00:00:01.039546Z,XBTUSD,Sell,1,5711.1,ZeroMinusTick,de81aa85-8075-8ed0-abdb-a4b5b587e935,17510,1.751e-4,1,20
2017-10-16T08:00:01.196084Z,XBTUSD,Sell,1000,5616.8,ZeroMinusTick,783dae46-5c0c-5655-a215-2588051250d7,17804000,0.17804,1000,4
2017-10-16T16:00:02.433822Z,XBTUSD,Buy,8000,5711.7,PlusTick,3b10430b-e243-f0ca-1507-ca4235075477,140064000,1.40064,8000,12
2017-10-17T00:00:01.520236Z,XBTUSD,Buy,2000,5795,ZeroPlusTick,8fa20c55-5319-e2f6-96c8-ab92d4b967e3,34512000,0.34512,2000,20
2017-10-17T08:00:16.181941Z,XBTUSD,Sell,1000,5651,ZeroMinusTick,2f53cd5f-f302-07f7-c974-e9779f75eac9,17696000,0.17696,1000,4
2017-10-17T16:00:01.327847Z,XBTUSD,Buy,101,5585.5,ZeroPlusTick,7ed98ecc-659c-731e-4cb9-8fa0b4dad45b,1808304,0.01808304,101,12
2017-10-18T00:00:04.910736Z,XBTUSD,Sell,35704,5600,ZeroMinusTick,b24f4f4a-adb8-1d51-f319-d0bea9c01171,637566328,6.37566328,35704,20
2017-10-18T08:00:01.727900Z,XBTUSD,Buy,125,5280.2,ZeroMinusTick,9259eaa3-0026-6f3b-9af8-fe2c8fd6b575,2367375,0.02367375,125,4
2017-10-18T16:00:00.811434Z,XBTUSD,Buy,800,5336.9,ZeroMinusTick,5b99a049-f611-3064-ff0a-38419f2e7c78,14989600,0.149896,800,12
2017-10-19T00:00:07.956573Z,XBTUSD,Buy,100,5591.3,PlusTick,8996a013-f5a0-436a-e873-8d50b5d4c695,1788500,0.017885,100,20
2017-10-19T08:00:04.363935Z,XBTUSD,Sell,20,5609.9,MinusTick,684bad02-d00e-69b5-b695-9379f190a0f3,356520,0.0035652,20,4
2017-10-19T16:00:01.406626Z,XBTUSD,Buy,4500,5640,ZeroPlusTick,b756cb54-6b61-cff9-41cb-bb1511659ea6,79785000,0.79785,4500,12
2017-10-20T00:00:03.594241Z,XBTUSD,Sell,1500,5700.7,MinusTick,6419aab0-0152-9b16-49ed-3bd95533f355,26313000,0.26313,1500,20
2017-10-20T08:00:00.990704Z,XBTUSD,Sell,400,5643.5,ZeroPlusTick,c28c1ed4-181a-544f-29de-1c41faa93ca1,7088000,0.07088,400,4
2017-10-20T16:00:01.321240Z,XBTUSD,Sell,300,6007.5,MinusTick,391001e2-3cd5-7e6a-340f-2b0dd132b6d2,4993800,0.049938,300,12
2017-10-21T00:00:01.876325Z,XBTUSD,Buy,500,6018.7,PlusTick,c6579f41-ea93-9a5c-3b4d-2ec0106d1ae7,8307500,0.083075,500,20
2017-10-21T08:00:00.971180Z,XBTUSD,Sell,2800,6127.2,ZeroMinusTick,9f5c53af-ad76-c3c9-807d-e1d3985819e9,45698800,0.456988,2800,4
2017-10-21T16:00:01.555509Z,XBTUSD,Buy,1230,6151.7,PlusTick,8a47fb70-4148-aeba-f66d-19b1b8b48f1c,19994880,0.1999488,1230,12
2017-10-22T00:00:00.993999Z,XBTUSD,Sell,66,6017.5,MinusTick,4b86ac07-9eae-fbe8-42ea-46c3957022fb,1096788,0.01096788,66,20
2017-10-22T08:00:02.725394Z,XBTUSD,Sell,34884,5915,ZeroPlusTick,e3a0bace-4388-849a-2013-c1146ddf536a,589748904,5.89748904,34884,4
2017-10-22T16:00:04.980151Z,XBTUSD,Sell,1,6023.3,PlusTick,5030ca04-fe31-a6a8-a520-c98e4b5f93ff,16602,1.6602e-4,1,12
2017-10-23T00:00:00.849454Z,XBTUSD,Sell,4000,5986,ZeroMinusTick,0b80fa5d-b340-813f-1b4d-ecd0358c9e94,66824000,0.66824,4000,20
2017-10-23T08:00:03.256938Z,XBTUSD,Buy,1000,5884.4,PlusTick,9861ef6c-e639-0374-ae16-ae8247bacfba,16994000,0.16994,1000,4
2017-10-23T16:00:03.339334Z,XBTUSD,Buy,240,5800,ZeroPlusTick,8d94eb82-962a-ae3d-ad7b-3876c2ffc31f,4137840,0.0413784,240,12
2017-10-24T00:00:00.932796Z,XBTUSD,Buy,600,5853.9,ZeroMinusTick,ba172c43-0949-b678-544f-8a084fd6b264,10249800,0.102498,600,20
2017-10-24T08:00:06.886875Z,XBTUSD,Sell,500,5740,ZeroMinusTick,e6df2f41-e6fa-733b-5e89-f03649e6f9a9,8711000,0.08711,500,4
2017-10-24T16:00:01.498718Z,XBTUSD,Buy,100,5655.9,PlusTick,71b28a61-dede-44ee-628a-e930d647f9a5,1768100,0.017681,100,12
2017-10-25T00:00:09.740313Z,XBTUSD,Sell,2,5517.4,ZeroMinusTick,b7e94f0c-814e-b1f5-810e-8a5ce0e3321f,36248,3.6248e-4,2,20
2017-10-25T08:00:04.521568Z,XBTUSD,Sell,1000,5565.4,PlusTick,9853cf3d-0cbf-2b47-b512-8183098b0ea8,17968000,0.17968,1000,4
2017-10-25T16:00:01.800730Z,XBTUSD,Sell,1042,5478.6,ZeroPlusTick,5d03555d-b1ba-ba3d-3cbe-f025060e42b2,19019626,0.19019626,1042,12
2017-10-26T00:00:01.819943Z,XBTUSD,Sell,1500,5732,ZeroMinusTick,6f1303c5-068b-a4a3-361b-66cd0f6b25fb,26169000,0.26169,1500,20
2017-10-26T08:00:01.975236Z,XBTUSD,Sell,80,5743.2,MinusTick,75174b58-9483-fc66-b19c-2a2f73815232,1392960,0.0139296,80,4
2017-10-26T16:00:01.899478Z,XBTUSD,Buy,10306,5943.6,ZeroPlusTick,10143314-69d0-d048-52dc-b5e8dd7e4f6b,173398450,1.7339845,10306,12
2017-10-27T00:00:02.181775Z,XBTUSD,Sell,500,5888.4,ZeroPlusTick,03b0954b-390a-cb31-28f8-e6c64e7f6c10,8491500,0.084915,500,20
2017-10-27T08:00:07.392850Z,XBTUSD,Sell,24206,5886.4,ZeroMinusTick,1742685c-65fb-fbcc-b63f-1377ecf16cfa,411211528,4.11211528,24206,4
2017-10-27T16:00:00.915127Z,XBTUSD,Sell,9762,5748,MinusTick,db3a8ce8-2453-f13e-6ae3-07e4f523609a,169829514,1.69829514,9762,12
2017-10-28T00:00:03.152525Z,XBTUSD,Sell,5,5769.3,ZeroPlusTick,ae1879d8-1e82-b21c-27e4-1f5fec19e783,86665,8.6665e-4,5,20
2017-10-28T08:00:05.581266Z,XBTUSD,Buy,1000,5798.1,PlusTick,1767acc2-8381-a7a9-4067-4ff392e71a9b,17247000,0.17247,1000,4
2017-10-28T16:00:01.985470Z,XBTUSD,Buy,1561,5709.1,ZeroPlusTick,d4a2e144-7b0b-d353-2965-6638f7d51fb1,27342476,0.27342476,1561,12
2017-10-29T00:00:01.765333Z,XBTUSD,Sell,76,5726.9,MinusTick,5f364c4d-4d0e-54bb-ff94-0e419d4d6af8,1327036,0.01327036,76,20
2017-10-29T08:00:02.400591Z,XBTUSD,Buy,17700,5836.8,ZeroPlusTick,952d7659-6303-1588-752d-14d37e33f71f,303254100,3.032541,17700,4
2017-10-29T16:00:01.012092Z,XBTUSD,Buy,1000,5988.3,PlusTick,c2d128d9-4bd3-53d3-0cc3-8ad7c875cf7e,16699000,0.16699,1000,12
2017-10-30T00:00:01.899433Z,XBTUSD,Sell,536,6162,PlusTick,604d2d05-1381-83f2-309d-a62a7362e366,8698208,0.08698208,536,20
2017-10-30T08:00:01.589610Z,XBTUSD,Sell,12224,6151.2,MinusTick,67a4eb8b-a893-19c6-a741-2e9fbe569d99,198725568,1.98725568,12224,4
2017-10-30T16:00:04.804586Z,XBTUSD,Buy,1191,6090,PlusTick,e4cd1ad2-67ca-fa4a-bca2-0fd7577a72cf,19556220,0.1955622,1191,12
2017-10-31T00:00:01.034649Z,XBTUSD,Sell,300,6134.9,ZeroPlusTick,818ea902-83e0-b150-1322-19aa9a15c501,4890000,0.0489,300,20
2017-10-31T08:00:01.715249Z,XBTUSD,Sell,20,6104.9,MinusTick,bb1472f7-b3d9-d2c5-a1ff-b7ce1a24a628,327600,0.003276,20,4
2017-10-31T16:00:01.670869Z,XBTUSD,Sell,47,6366.4,ZeroMinusTick,d22adad1-32ed-e1cc-62d7-a90ec55be486,738229,0.00738229,47,12
2017-11-01T00:00:01.755454Z,XBTUSD,Sell,65,6440,MinusTick,0dae0fbb-c720-0287-fed7-57e960fcd7f0,1009320,0.0100932,65,20
2017-11-01T08:00:04.273411Z,XBTUSD,Buy,1,6394.5,PlusTick,00740a8d-4e60-31fa-3c8c-a87d33550a97,15638,1.5638e-4,1,4
2017-11-01T16:00:01.420570Z,XBTUSD,Buy,2008,6560,PlusTick,935bfb41-e2dc-67c7-c6eb-77de8a0e4a9f,30609952,0.30609952,2008,12
2017-11-02T00:00:02.000545Z,XBTUSD,Buy,100,6749.6,PlusTick,771df0d7-43fa-d8db-078f-6725ece043c3,1481600,0.014816,100,20
2017-11-02T08:00:01.874817Z,XBTUSD,Sell,10000,6945.1,ZeroMinusTick,3ccd1b80-11ad-a938-aef3-9595e8e9134a,143990000,1.4399,10000,4
2017-11-02T16:00:02.385476Z,XBTUSD,Buy,1000,7096.9,ZeroPlusTick,3bc7bcc7-e87a-bac6-380f-f59242339786,14091000,0.14091,1000,12
2017-11-03T00:00:04.990364Z,XBTUSD,Buy,84,7025.8,ZeroPlusTick,957c8171-d9c9-cc8a-078c-b3eda0e3b67c,1195572,0.01195572,84,20
2017-11-03T08:00:02.079503Z,XBTUSD,Buy,20,7330.7,PlusTick,95982d4c-a5ac-88b3-783b-c04deb940649,272820,0.0027282,20,4
2017-11-03T16:00:02.586410Z,XBTUSD,Sell,5000,7331.3,MinusTick,5a7c9914-09ae-01ac-f7fa-0728fc26e6bb,68200000,0.682,5000,12
2017-11-04T00:00:02.701624Z,XBTUSD,Sell,45,7146.6,PlusTick,b6c92927-2102-c249-b7e7-a976c573ece4,629685,0.00629685,45,20
2017-11-04T08:00:02.054880Z,XBTUSD,Sell,200,7235.6,MinusTick,fbb4b039-ff4a-dc0b-655b-c7bd29424fcd,2764200,0.027642,200,4
2017-11-04T16:00:01.649189Z,XBTUSD,Buy,4476,7363.2,PlusTick,5c71f50f-44ca-b2ce-62ec-02f02de26a05,60788556,0.60788556,4476,12
2017-11-05T00:00:01.262919Z,XBTUSD,Buy,1,7393.9,ZeroMinusTick,dafac374-ba3e-499d-06bb-ced41a273781,13525,1.3525e-4,1,20
2017-11-05T09:00:05.220644Z,XBTUSD,Buy,1000,7450.8,ZeroPlusTick,cbc6c20a-c0d3-f3f6-99e2-bcfff8df692f,13421000,0.13421,1000,4
2017-11-05T17:00:00.708250Z,XBTUSD,Buy,10000,7518.5,PlusTick,c6f18e06-b6b9-d3ad-470f-3dff32631262,133010000,1.3301,10000,12
2017-11-06T01:00:03.332007Z,XBTUSD,Buy,5000,7361.4,ZeroPlusTick,1b9f86fe-fa3c-3b36-d395-c7fdaf943625,67920000,0.6792,5000,20
2017-11-06T09:00:00.834190Z,XBTUSD,Sell,100,7348.3,MinusTick,2b22b6cc-31a6-56a4-b25e-c03a45717475,1360900,0.013609,100,4
2017-11-06T17:00:01.842414Z,XBTUSD,Sell,500,7157,ZeroPlusTick,b3d4f417-85a2-d764-fb61-b259136de422,6986000,0.06986,500,12
2017-11-07T01:00:00.754294Z,XBTUSD,Buy,1000,7049,ZeroPlusTick,4cdd6738-641a-3a76-08d4-9b3dbf7944b7,14186000,0.14186000000000001,1000,20
2017-11-07T09:00:01.403698Z,XBTUSD,Buy,500,7192.6,PlusTick,c574cfda-d582-7db9-a240-b3df8fa20dd9,6951500,0.069515,500,4
2017-11-07T17:00:00.904796Z,XBTUSD,Buy,100,6996.6,ZeroPlusTick,8848f54c-79dc-288a-bb0f-d155fe48a810,1429300,0.014293,100,12
2017-11-08T01:00:01.901078Z,XBTUSD,Buy,22000,7099,PlusTick,76804fbe-629a-720e-e82d-1d78e7f20b9c,309892000,3.09892,22000,20
2017-11-08T09:00:04.306446Z,XBTUSD,Sell,21,7390.5,ZeroMinusTick,d88b2b55-4be5-1d96-d84f-f0117a421eb0,284151,0.0028415100000000002,21,4
2017-11-08T17:00:00.527708Z,XBTUSD,Buy,685,7496.9,PlusTick,610962d3-6584-af22-2300-05214dc19e6e,9137215,0.09137215,685,12
2017-11-09T01:00:01.229133Z,XBTUSD,Sell,100,7363.8,ZeroMinusTick,9991b81b-3063-0063-fd46-a3aa4e78b3e4,1358000,0.01358,100,20
2017-11-09T09:00:00.384542Z,XBTUSD,Sell,300,7236.5,MinusTick,0b3dc112-1349-bac3-b418-def152047682,4145700,0.041457,300,4
2017-11-09T17:00:02.549263Z,XBTUSD,Buy,220,7176.7,PlusTick,decfa5f3-c7ee-4de7-4741-05b8c51187cc,3065480,0.0306548,220,12
2017-11-10T01:00:01.010890Z,XBTUSD,Sell,200,7337.5,PlusTick,5ae6a8c1-b7db-12ff-74f2-9f2b98b81ae4,2725800,0.027258,200,20
2017-11-10T09:00:00.848314Z,XBTUSD,Sell,75,7191.5,ZeroPlusTick,b9b2bedc-2e90-09f5-76d3-360d79806055,1042875,0.01042875,75,4
2017-11-10T17:00:01.579380Z,XBTUSD,Sell,1900,6898.5,MinusTick,fd5cf3f6-a66d-ef0f-6ac1-55843d8bda1f,27542400,0.275424,1900,12
2017-11-11T01:00:00.572030Z,XBTUSD,Sell,3010,6754,ZeroMinusTick,11e6fe30-cbb6-8702-a0e0-021534243fbf,44566060,0.4456606,3010,20
2017-11-11T09:00:00.998283Z,XBTUSD,Sell,100,6759.5,MinusTick,a99e9b08-13f8-1df2-83e3-bfa2122feab8,1479400,0.014794,100,4
2017-11-11T17:00:00.878622Z,XBTUSD,Buy,100,6445.5,PlusTick,fdc2be4a-5360-25ac-7e01-5695d5056101,1551500,0.015515,100,12
2017-11-12T01:00:01.308014Z,XBTUSD,Sell,2100,6222,MinusTick,48ebb413-4473-df7a-dfdd-94e0586f03a2,33751200,0.337512,2100,20
2017-11-12T09:00:00.372153Z,XBTUSD,Sell,1533,6136.5,ZeroMinusTick,349df8f2-3b99-4835-9d2f-97e326f9fd66,24981768,0.24981768,1533,4
2017-11-12T17:00:01.046601Z,XBTUSD,Sell,500,6152.5,MinusTick,50509b36-3e1e-10d2-6f7d-5d47fe94a40b,8127000,0.08127,500,12
2017-11-13T01:00:01.683670Z,XBTUSD,Sell,100,6017,MinusTick,835c12a8-28d5-5f33-e8a5-c6e00b8330ae,1662000,0.01662,100,20
2017-11-13T09:00:01.252652Z,XBTUSD,Buy,10,6262.5,PlusTick,ced9127a-ce6c-e93d-3290-6db982d9a180,159680,0.0015968,10,4
2017-11-13T17:00:00.834974Z,XBTUSD,Sell,1,6360,MinusTick,b3eddebe-653e-1d2a-d95e-9001f30ad2bb,15723,1.5723e-4,1,12
2017-11-14T01:00:00.924412Z,XBTUSD,Buy,5364,6685,ZeroPlusTick,f5e2db5d-ef26-b8c7-06c3-699f91a0bae2,80240076,0.80240076,5364,20
2017-11-14T09:00:01.478276Z,XBTUSD,Buy,64,6492,ZeroPlusTick,391d92ea-0ad3-75bc-26b7-4fa0d6d9b69a,985856,0.00985856,64,4
2017-11-14T17:00:02.842411Z,XBTUSD,Sell,1000,6595,ZeroMinusTick,44d3ad89-adbf-85cd-166e-3669859f15fb,15163000,0.15163,1000,12
2017-11-15T01:00:01.230798Z,XBTUSD,Buy,101,6784,PlusTick,a16ba05d-a0c8-37c9-8f8f-5facca2d7894,1488841,0.01488841,101,20
2017-11-15T09:00:02.620265Z,XBTUSD,Buy,263,6925,PlusTick,542040f3-9925-ca3d-b19e-1281a3073d33,3797720,0.0379772,263,4
2017-11-15T17:00:03.728091Z,XBTUSD,Buy,100,7185,ZeroPlusTick,6814b653-2909-6202-6b18-6b49f4e53b4e,1391800,0.013918,100,12
2017-11-16T01:00:02.546913Z,XBTUSD,Buy,150,7247,ZeroPlusTick,b81273df-0a30-ee7d-44c4-aa0471fac4d0,2069850,0.0206985,150,20
2017-11-16T09:00:00.991642Z,XBTUSD,Sell,50,7412,MinusTick,a2e5bdc0-e024-e6af-1205-0ff2c18b601b,674600,0.006746,50,4
2017-11-16T17:00:00.595052Z,XBTUSD,Buy,100,7479,ZeroPlusTick,1dc970da-e500-d4fb-cd1c-2c054f0e1b6d,1337100,0.013371,100,12
2017-11-17T01:00:01.301712Z,XBTUSD,Sell,3,7946,MinusTick,af048e01-f775-a48b-7968-248736dc89fc,37755,3.7755e-4,3,20
2017-11-17T09:00:01.217887Z,XBTUSD,Sell,1000,7738.5,MinusTick,35222446-a064-9b26-653b-242d33498bd9,12922000,0.12922,1000,4
2017-11-17T17:00:00.928189Z,XBTUSD,Sell,4000,7895.5,MinusTick,5961cb41-aafe-6577-dc2b-8aedb222f350,50660000,0.5066,4000,12
2017-11-18T01:00:01.341745Z,XBTUSD,Sell,1000,7580,MinusTick,75ba6229-4b6a-301a-a6ec-08d511750def,13193000,0.13193,1000,20
2017-11-18T09:00:00.443724Z,XBTUSD,Buy,1802,7804.5,PlusTick,6df2d409-c5a7-a386-258e-66eea4b7c873,23089026,0.23089026000000001,1802,4
2017-11-18T17:00:00.532892Z,XBTUSD,Buy,1400,7657,ZeroPlusTick,a356161a-b7af-7b94-fb0a-2a25b340fc31,18284000,0.18284,1400,12
2017-11-19T01:00:03.452502Z,XBTUSD,Buy,7500,7769,ZeroMinusTick,780c3c23-35f3-5f66-fc81-d7808cc9ee01,96540000,0.9654,7500,20
2017-11-19T09:00:01.036910Z,XBTUSD,Buy,5604,7744,PlusTick,ea119511-e1a3-1b38-3bc1-fe3c72b1d403,72364452,0.72364452,5604,4
2017-11-19T17:00:04.021604Z,XBTUSD,Sell,21,7811,ZeroMinusTick,caf9868a-8086-7265-9b4c-e609617790a8,268842,0.00268842,21,12
2017-11-20T01:00:02.356257Z,XBTUSD,Sell,5000,8041,MinusTick,fbf373c7-910c-a484-53d6-c61763af096b,62180000,0.6218,5000,20
2017-11-20T09:00:02.433537Z,XBTUSD,Sell,4440,8046,ZeroMinusTick,be0c8f30-3b31-8e87-f087-a2948528e962,55184760,0.5518476,4440,4
2017-11-20T17:00:00.950707Z,XBTUSD,Sell,500,8235,ZeroMinusTick,4c077650-fc2a-7b6d-c158-d6441e8e88d9,6071500,0.060715,500,12
2017-11-21T01:00:00.789921Z,XBTUSD,Sell,1500,8244,ZeroMinusTick,b9eaf83e-aa2a-297c-9811-5620381b50e9,18195000,0.18195,1500,20
2017-11-21T09:00:01.282116Z,XBTUSD,Buy,321,8189.5,ZeroPlusTick,ddd7027f-9501-51c0-da77-deb88f108a1f,3919731,0.03919731,321,4
2017-11-21T17:00:07.201006Z,XBTUSD,Buy,1000,8273.5,PlusTick,13510f12-82cd-49fe-e4da-2066b1f79172,12087000,0.12087,1000,12
2017-11-22T01:00:03.663439Z,XBTUSD,Sell,600,8123.5,ZeroMinusTick,8463e939-795c-3409-2517-ff26f672c873,7386000,0.07386,600,20
2017-11-22T09:00:07.396474Z,XBTUSD,Buy,1291,8284,ZeroPlusTick,080124c5-cbc5-6c75-b851-8158d30f261f,15583661,0.15583661,1291,4
2017-11-22T17:00:01.442118Z,XBTUSD,Buy,3144,8210,PlusTick,06b6e5cb-a08a-59a9-fe43-85f873d9141e,38293920,0.3829392,3144,12
2017-11-23T01:00:01.960350Z,XBTUSD,Buy,81,8222.5,PlusTick,f99a9bd2-63ab-f5ab-80cb-4ace12c75a9d,985122,0.00985122,81,20
2017-11-23T09:13:45.763699Z,XBTUSD,Buy,1,8178,PlusTick,17e68f33-f13c-e624-8230-6c9f5dc51c38,12228,1.2228e-4,1,4
2017-11-23T17:00:07.201799Z,XBTUSD,Sell,100,8155.5,MinusTick,f225379f-7022-95c9-6c6d-edd735c3eb51,1226200,0.012262,100,12
2017-11-24T01:00:01.852838Z,XBTUSD,Buy,100,7985,ZeroPlusTick,980779fb-1c14-5b97-d6f2-2ed2656c3f6a,1252300,0.012523,100,20
2017-11-24T09:00:01.144428Z,XBTUSD,Sell,10,8254.5,MinusTick,dd90b511-30c5-b665-c9e6-a321f84a3bb5,121150,0.0012115,10,4
2017-11-24T17:00:02.914149Z,XBTUSD,Sell,2000,8199.5,MinusTick,a993802b-fc6c-9531-4e1f-a73e4f3a77be,24392000,0.24392,2000,12
2017-11-25T01:00:03.084362Z,XBTUSD,Buy,3722,8196.5,ZeroPlusTick,0d0dce0e-81b8-0534-e5f1-672e3c689715,45408400,0.454084,3722,20
2017-11-25T09:00:00.349398Z,XBTUSD,Buy,1000,8401.5,PlusTick,c05a0cfc-c0f2-1a39-ec74-d8996c54ceb9,11903000,0.11903,1000,4
2017-11-25T17:00:01.033235Z,XBTUSD,Sell,39,8688,ZeroMinusTick,92f696b6-142e-0eca-f921-bd2678c080a5,448890,0.0044889,39,12
2017-11-26T01:00:00.510385Z,XBTUSD,Sell,40,8843,ZeroMinusTick,c98fd3a1-0116-a01d-ce4d-e9816baa4769,452320,0.0045232,40,20
2017-11-26T09:00:00.481503Z,XBTUSD,Buy,700,8897.5,MinusTick,9f4a235c-c9fe-b288-4ea9-fb645a820fe8,7867300,0.078673,700,4
2017-11-26T17:00:00.700181Z,XBTUSD,Buy,2488,9370,PlusTick,6c15425a-7e3b-0d37-4211-3f17f780e517,26551936,0.26551936,2488,12
2017-11-27T01:00:00.817358Z,XBTUSD,Sell,1000,9585,ZeroMinusTick,48e55f85-b971-513e-c95e-756a0cb4249d,10433000,0.10433,1000,20
2017-11-27T09:00:01.718966Z,XBTUSD,Sell,2,9737,MinusTick,26523e23-4c55-3c96-5086-7d726df0049a,20540,2.054e-4,2,4
2017-11-27T17:00:01.031538Z,XBTUSD,Sell,2655,9553.5,MinusTick,ac1926b1-c61d-8a21-ed78-88c53da0b397,27789885,0.27789885,2655,12
2017-11-28T01:00:00.887310Z,XBTUSD,Sell,10,9736.5,ZeroMinusTick,2e004e03-04b3-4bb8-4c09-a0c8ebe095b1,102710,0.0010271,10,20
2017-11-28T09:00:00.998633Z,XBTUSD,Sell,1,9874,ZeroMinusTick,b8fcd596-df57-3438-19b5-6aa2f2852e5d,10128,1.0128e-4,1,4
2017-11-28T17:00:12.257833Z,XBTUSD,Buy,18269,9913,ZeroPlusTick,2ae8623f-5e37-5f37-2441-b8497542b4db,184297672,1.84297672,18269,12
2017-11-29T01:00:04.611984Z,XBTUSD,Sell,500,9967.5,MinusTick,a48fd840-7cf5-5da0-33c6-b93a5c255780,5016500,0.050165,500,20
2017-11-29T09:00:01.938524Z,XBTUSD,Buy,100,10660,PlusTick,44815079-2629-4933-6163-605d9d9f4e69,938100,0.009381,100,4
2017-11-29T17:00:02.356798Z,XBTUSD,Sell,267,10812.5,PlusTick,78f047fe-a423-f056-4c3d-e0378af9eb1b,2469483,0.02469483,267,12
2017-11-30T01:00:01.844493Z,XBTUSD,Sell,402,10019.5,ZeroMinusTick,b7a2d98c-4f1f-4155-618f-1dd7e95cfcba,4012362,0.04012362,402,20
2017-11-30T09:00:04.743246Z,XBTUSD,Sell,410,10304,ZeroMinusTick,c76f4bb6-c76f-4d82-e376-6a28a357fb7c,3979050,0.0397905,410,4
2017-11-30T17:00:00.535634Z,XBTUSD,Sell,2721,9305,ZeroMinusTick,43c9a76c-5071-81d1-4780-33bb4f9f19ee,29242587,0.29242587,2721,12
2017-12-01T01:00:01.813740Z,XBTUSD,Sell,6233,9900,ZeroMinusTick,7bfe53a6-8a3d-7dfb-053d-17d477804c7b,62959533,0.62959533,6233,20
2017-12-01T09:00:00.488971Z,XBTUSD,Buy,5165,9814.5,PlusTick,fec7e403-0e39-9f5b-4edf-69060b2cc0e4,52626185,0.52626185,5165,4
2017-12-01T17:00:02.188508Z,XBTUSD,Sell,1411,10660,ZeroMinusTick,5d920b89-9b69-099f-a38a-ff97f1014d21,13236591,0.13236591,1411,12
2017-12-02T01:00:01.158292Z,XBTUSD,Buy,110,10895.5,PlusTick,c419eec6-92e9-c8cc-b3f0-3fee166a5b9b,1009580,0.0100958,110,20
2017-12-02T09:00:01.999418Z,XBTUSD,Sell,49,10971,ZeroMinusTick,c4944202-664b-1a13-bc9c-f076757736d3,446635,0.00446635,49,4
2017-12-02T17:00:01.316926Z,XBTUSD,Buy,1999,10830.5,ZeroPlusTick,5b504bc7-e033-4334-128c-e78fdfbf3a13,18456767,0.18456767,1999,12
2017-12-03T01:00:00.446192Z,XBTUSD,Buy,5944,10896.5,PlusTick,a7db2329-4491-f20a-9439-77b4269efbfa,54548088,0.54548088,5944,20
2017-12-03T09:00:00.401876Z,XBTUSD,Sell,896,11148.5,MinusTick,3002e45d-aff0-c034-4911-b7d7eb9ed087,8037120,0.0803712,896,4
2017-12-03T17:00:03.714506Z,XBTUSD,Buy,1000,11684,ZeroPlusTick,382c291d-c549-f451-b5f7-87edd2fa998a,8559000,0.08559,1000,12
2017-12-04T01:00:02.281523Z,XBTUSD,Sell,1225,11284.5,MinusTick,58b236f8-1ed3-635d-5b5e-9f896c98e516,10855950,0.1085595,1225,20
2017-12-04T09:00:01.687519Z,XBTUSD,Sell,7,11542.5,ZeroMinusTick,0b45318b-e39d-e5e2-e67b-712e3dc7571c,60648,6.0648e-4,7,4
2017-12-04T17:00:02.253158Z,XBTUSD,Sell,1795,11280,ZeroMinusTick,f06c35a6-59cf-58fe-bb3f-d92f63457b3f,15912675,0.15912675,1795,12
2017-12-05T01:00:02.837832Z,XBTUSD,Sell,673,11645,ZeroMinusTick,105da54c-6782-8db9-bf03-11968189a485,5779051,0.05779051,673,20
2017-12-05T09:00:01.383337Z,XBTUSD,Sell,700,11834,MinusTick,7dcb9afd-c5e4-4ff0-7393-758fc5c48c2e,5915000,0.05915,700,4
2017-12-05T17:00:02.012856Z,XBTUSD,Sell,3,11638.5,ZeroMinusTick,525d9ec8-2dad-a399-b185-0625e05c21e6,25776,2.5776e-4,3,12
2017-12-06T01:00:00.997534Z,XBTUSD,Sell,150,11876.5,ZeroMinusTick,0ff51f8b-49cb-d906-1ec0-7c2d3575b96b,1263000,0.01263,150,20
2017-12-06T09:00:00.838341Z,XBTUSD,Buy,2500,12478.5,MinusTick,82d27fd1-b37e-197c-c1c3-6e6c1c151f9f,20035000,0.20035,2500,4
2017-12-06T17:00:01.981144Z,XBTUSD,Sell,2000,12709.5,ZeroPlusTick,353acf7a-29eb-8ed6-ccc2-842556e82c1c,15736000,0.15736,2000,12
2017-12-07T01:00:02.239832Z,XBTUSD,Sell,7063,14133,ZeroMinusTick,31e641df-df6a-ed2b-e99e-25d22a7cf419,49977788,0.49977788,7063,20
2017-12-07T09:00:01.715289Z,XBTUSD,Buy,3470,14734,PlusTick,06c736e1-fd16-e4d4-ba93-8e10700c5622,23550890,0.2355089,3470,4
2017-12-07T17:00:00.988721Z,XBTUSD,Buy,23,15750,ZeroPlusTick,d0da9bfa-284d-8a7f-9948-f87c019baa09,146027,0.00146027,23,12
2017-12-08T01:00:02.031600Z,XBTUSD,Sell,1,17580,ZeroMinusTick,9e970896-dace-362a-c469-c80410ded88d,5688,5.688e-5,1,20
2017-12-08T09:00:02.227527Z,XBTUSD,Buy,1190,15837,MinusTick,78308778-9304-509e-40ad-cd3241a5637f,7513660,0.0751366,1190,4
2017-12-08T17:00:02.473970Z,XBTUSD,Buy,15555,15512.5,PlusTick,180c13b6-8360-d68e-42fe-7b5c219b066f,100267530,1.0026753,15555,12
2017-12-09T01:00:02.191092Z,XBTUSD,Buy,2416,16027,PlusTick,42527e19-e1ff-508a-e792-31c977581e63,15073424,0.15073424,2416,20
2017-12-09T09:00:01.705987Z,XBTUSD,Buy,500,15572.5,PlusTick,2a7a48d3-1fdb-325a-3d15-b1953f8d7a28,3211000,0.03211,500,4
2017-12-09T17:00:02.016633Z,XBTUSD,Buy,1060,14593,ZeroPlusTick,31afd9c0-1e64-e02c-7ead-a9d4dfc6a162,7264180,0.0726418,1060,12
2017-12-10T01:00:02.527621Z,XBTUSD,Sell,25000,14449,ZeroMinusTick,57bc34f0-4eba-53e2-1ac0-8a0b4b5746db,173025000,1.73025,25000,20
2017-12-10T09:00:02.209506Z,XBTUSD,Sell,10,13789,PlusTick,0521e957-6bbe-35ad-81cc-540c9c6229b0,72520,7.252e-4,10,4
2017-12-10T17:00:02.906278Z,XBTUSD,Sell,1960,15337.5,ZeroMinusTick,085512f4-18c5-fe46-da3e-dc87427648a1,12779200,0.127792,1960,12
2017-12-11T01:00:02.388205Z,XBTUSD,Buy,14000,15500,PlusTick,58faae4b-9668-170c-a2f7-201059cbf2a3,90328000,0.90328,14000,20
2017-12-11T09:00:02.733601Z,XBTUSD,Buy,4684,16775.5,PlusTick,715d46ad-af3f-dee3-5ada-ccb79de936a3,27921324,0.27921324,4684,4
2017-12-11T17:00:01.703186Z,XBTUSD,Buy,23,16700.5,ZeroPlusTick,4347c4d5-75a7-bd57-2266-1bc59e649139,137724,0.00137724,23,12
2017-12-12T01:00:02.192412Z,XBTUSD,Sell,200,16853,MinusTick,23d8f18d-c41e-3326-9d70-fdaa83275187,1186800,0.011868,200,20
2017-12-12T09:00:02.126604Z,XBTUSD,Sell,50,17029,MinusTick,59c3db30-aca1-e64c-67c3-e50597664e66,293600,0.002936,50,4
2017-12-12T17:00:03.277049Z,XBTUSD,Buy,500,17298.5,PlusTick,548e4b03-b47e-5c0d-57f7-983cfc37e161,2890500,0.028905,500,12
2017-12-13T01:00:02.015418Z,XBTUSD,Buy,100,17471,ZeroPlusTick,bdcd7140-28fb-7cff-01a5-35ae4b1bdbd3,572400,0.005724,100,20
2017-12-13T09:00:01.821270Z,XBTUSD,Sell,60,16960,MinusTick,aacb8a56-6440-37a4-30af-607baff002f7,353760,0.0035376,60,4
2017-12-13T17:00:02.126827Z,XBTUSD,Buy,500,16933.5,PlusTick,5615baa8-143c-2935-1c44-ff3c40019492,2952500,0.029525,500,12
2017-12-14T01:00:01.476676Z,XBTUSD,Buy,10,16670,PlusTick,17dc7f34-ef13-3044-23d1-4d1569f20c33,59990,5.999e-4,10,20
2017-12-14T09:00:03.408035Z,XBTUSD,Sell,496,16862.5,MinusTick,adcdcdde-60af-2821-7d46-17973b6523fb,2941280,0.0294128,496,4
2017-12-14T17:00:06.804263Z,XBTUSD,Buy,1000,16541,ZeroPlusTick,417ef981-b46c-e76e-ed52-10b6ebd51feb,6046000,0.06046,1000,12
2017-12-15T01:00:03.183786Z,XBTUSD,Sell,1,17126.5,MinusTick,afadb2d0-5b43-afe0-241e-800dc0553f08,5839,5.839e-5,1,20
2017-12-15T09:00:02.456468Z,XBTUSD,Sell,2283,17510.5,MinusTick,e4765219-3099-61e4-a71f-114a43b8cd71,13038213,0.13038213,2283,4
2017-12-15T17:00:02.601852Z,XBTUSD,Sell,5000,17880,ZeroMinusTick,6aa6fe4a-bb09-432a-255a-c92f3c4c48c1,27965000,0.27965,5000,12
2017-12-16T01:00:02.888279Z,XBTUSD,Buy,4440,17703,ZeroPlusTick,d06e407a-b8b3-8b77-ef97-f97c0c069095,25081560,0.2508156,4440,20
2017-12-16T09:00:03.612241Z,XBTUSD,Sell,72,18028,ZeroMinusTick,45bcab49-f9ed-267a-85a7-24a3ecf8ab6e,399384,0.00399384,72,4
2017-12-16T17:00:02.589504Z,XBTUSD,Sell,1500,19000,ZeroMinusTick,1fe6f09d-ea69-8e55-5454-5650576f8983,7894500,0.078945,1500,12
2017-12-17T01:00:03.539800Z,XBTUSD,Sell,10,19429,PlusTick,8d5d8b4b-040e-b8b6-f292-159c791baf3b,51470,5.147e-4,10,20
2017-12-17T09:00:01.565556Z,XBTUSD,Sell,100,19670.5,ZeroMinusTick,3774b29e-836a-157f-db3a-2249b163a266,508400,0.005084,100,4
2017-12-17T17:00:01.451720Z,XBTUSD,Sell,1900,19209.5,MinusTick,2a497f54-1374-da55-088c-14066112a2ee,9891400,0.098914,1900,12
2017-12-18T01:00:01.965407Z,XBTUSD,Buy,1,18132,ZeroPlusTick,d2eca10a-c794-cc3d-3b29-ab1e4d2dffe6,5515,5.515e-5,1,20
2017-12-18T09:00:01.815783Z,XBTUSD,Sell,800,19025,ZeroMinusTick,30cba351-efe4-c54c-7e1c-da7a419ab82e,4204800,0.042048,800,4
2017-12-18T17:00:02.412158Z,XBTUSD,Sell,1100,18578.5,MinusTick,ae55a197-978b-463d-b800-3fd7d7af67db,5921300,0.059213,1100,12
2017-12-19T01:00:01.808546Z,XBTUSD,Buy,500,18936.5,ZeroMinusTick,5dc1eb5a-d8ee-6df3-9be8-fe5a09547fbb,2640500,0.026405,500,20
2017-12-19T09:00:22.896981Z,XBTUSD,Sell,1875,19020,ZeroMinusTick,ddb5e165-e65b-d0a3-d3cd-c8692d1d703f,9858750,0.0985875,1875,4
2017-12-19T17:00:00.958395Z,XBTUSD,Buy,10,18368.5,ZeroPlusTick,69fc6749-26c8-945c-3335-1c62e9c8b531,54440,5.444e-4,10,12
2017-12-20T01:00:02.016026Z,XBTUSD,Buy,7353,16755,ZeroPlusTick,76c97316-9178-a61a-a58a-c05aad92c847,43882704,0.43882704,7353,20
2017-12-20T09:00:02.957129Z,XBTUSD,Sell,3470,17190,MinusTick,14035c04-1c9b-4bb0-9821-38811a3a6ae3,20184990,0.2018499,3470,4
2017-12-20T17:00:02.394637Z,XBTUSD,Sell,3,16550,PlusTick,66fcb545-a1ee-0dee-a2dd-a71a2ad0c864,18126,1.8126e-4,3,12
2017-12-21T01:00:08.326057Z,XBTUSD,Sell,50,16764,ZeroMinusTick,e42120ad-e22b-067b-ef8b-1f37bd201d51,298250,0.0029825,50,20
2017-12-21T09:00:01.884008Z,XBTUSD,Sell,1512,16949,ZeroMinusTick,66f43701-4971-5c77-f09f-6bb51dba37dc,8920800,0.089208,1512,4
2017-12-21T17:00:01.816781Z,XBTUSD,Buy,10,15701.5,PlusTick,d7e31c4c-f224-7867-34f6-271b65325d4d,63690,6.369e-4,10,12
2017-12-22T01:00:02.245075Z,XBTUSD,Buy,11,15050,ZeroPlusTick,d27e4042-ae2f-ccb4-359d-0b0da8ab80ef,73095,7.3095e-4,11,20
2017-12-22T09:00:02.229354Z,XBTUSD,Buy,3000,13551.5,PlusTick,be8b6aed-4ddc-ac24-710c-7950d2055126,22137000,0.22137,3000,4
2017-12-22T17:00:01.743095Z,XBTUSD,Sell,8000,13010,MinusTick,bd84f0df-384f-5c5a-f535-0f4e52f020a7,61488000,0.61488,8000,12
2017-12-23T01:00:00.823748Z,XBTUSD,Sell,3499,13892.5,ZeroMinusTick,d34ba10a-ac9b-5f6f-93c2-f623b12ab95e,25185802,0.25185802,3499,20
2017-12-23T09:00:01.864639Z,XBTUSD,Sell,2,14343,ZeroMinusTick,320cc6e8-1a91-133e-7977-1aa9aa93ae1e,13944,1.3944e-4,2,4
2017-12-23T17:00:01.393649Z,XBTUSD,Sell,1876,15453.5,ZeroMinusTick,82b7348c-52fe-e8d1-0618-3ee7ba6bd62e,12139596,0.12139596,1876,12
2017-12-24T01:00:01.742547Z,XBTUSD,Buy,2004,14643,ZeroPlusTick,863fd0f8-d280-8479-12bf-7fa301c5a3c3,13685316,0.13685316,2004,20
2017-12-24T09:00:03.172837Z,XBTUSD,Sell,50,14382.5,MinusTick,1c53dc3d-4ead-be87-3393-d3af89211d1a,347650,0.0034765,50,4
2017-12-24T17:00:02.032307Z,XBTUSD,Buy,53,13609,PlusTick,af3e2a1c-977a-5c4f-67aa-9f5cdb8bfb99,389444,0.00389444,53,12
2017-12-25T01:00:02.448115Z,XBTUSD,Buy,300,14100,ZeroPlusTick,5850038d-f65d-43e9-f1b6-06ac1e2b0b72,2127600,0.021276,300,20
2017-12-25T09:00:00.881772Z,XBTUSD,Buy,2300,14398,ZeroPlusTick,fb1f015d-c7c8-97f1-f830-653ba554b5b4,15973500,0.159735,2300,4
2017-12-25T17:00:00.640665Z,XBTUSD,Sell,2,13990,MinusTick,153c9a94-85c6-eea9-1078-71e6861b3474,14296,1.4296e-4,2,12
2017-12-26T01:00:02.050909Z,XBTUSD,Buy,140,14043,ZeroMinusTick,320415c5-be05-1de0-87c0-11abc3156538,996940,0.0099694,140,20
2017-12-26T09:00:01.037961Z,XBTUSD,Sell,771,15309.5,MinusTick,8af37474-97e5-bb6b-134c-64a1ff36c9ae,5036172,0.05036172,771,4
2017-12-26T17:00:00.805299Z,XBTUSD,Sell,7500,16296,ZeroPlusTick,14f50235-5b38-1e34-c0c1-355e7a1b2391,46020000,0.4602,7500,12
2017-12-27T01:00:01.992197Z,XBTUSD,Sell,145,15808,MinusTick,ceba6b57-d7c2-e543-7ee0-3ddae3d051f9,917270,0.0091727,145,20
2017-12-27T09:00:00.820783Z,XBTUSD,Buy,425,16135.5,PlusTick,b6fc380b-13c3-0288-586d-26ef14714ec3,2634150,0.0263415,425,4
2017-12-27T17:00:00.845450Z,XBTUSD,Sell,1,14791,MinusTick,5ae460fe-cb36-f576-28e0-fb298c0b0eab,6761,6.761e-5,1,12
2017-12-28T01:00:00.839323Z,XBTUSD,Sell,3000,15191.5,MinusTick,ffc38cce-331d-428c-c547-951b95533c6f,19749000,0.19749,3000,20
2017-12-28T09:00:01.604990Z,XBTUSD,Sell,6000,14303.5,MinusTick,03898bf6-37ad-3c67-d150-afa2e3960364,41946000,0.41946,6000,4
2017-12-28T17:00:01.441027Z,XBTUSD,Buy,1500,14055,PlusTick,d091cbaa-aca6-0d8b-cc45-adb887c5655d,10672500,0.106725,1500,12
2017-12-29T01:00:00.541926Z,XBTUSD,Sell,1558,14340.5,ZeroMinusTick,f80bf85c-af9f-f0a3-f9c3-e171ab7fc3a1,10863934,0.10863934,1558,20
2017-12-29T09:00:01.380851Z,XBTUSD,Buy,10000,14590,ZeroPlusTick,b851d899-6c09-e1f9-3290-116436beee27,68540000,0.6854,10000,4
2017-12-29T17:00:01.792282Z,XBTUSD,Sell,2348,14745.5,ZeroMinusTick,d0082215-2ee6-eb14-cb84-4fd0a84033ec,15924136,0.15924136,2348,12
2017-12-30T01:00:00.821619Z,XBTUSD,Buy,50,14388,ZeroMinusTick,542892df-84a7-f0eb-537c-8d43f2b9ed89,347500,0.003475,50,20
2017-12-30T09:00:00.860249Z,XBTUSD,Buy,50,13466,MinusTick,353e6b29-5d02-6245-263c-8fac8630ca5d,371300,0.003713,50,4
2017-12-30T17:00:00.904035Z,XBTUSD,Sell,125,12212,PlusTick,dfc3e1b6-d64c-5fa1-acbc-2007da122847,1023625,0.01023625,125,12
2017-12-31T01:00:02.664803Z,XBTUSD,Sell,4614,13136,PlusTick,e3606214-908d-80fa-9cb7-ffc9a12fe5d6,35126382,0.35126382,4614,20
2017-12-31T09:00:00.790062Z,XBTUSD,Buy,37,12742,PlusTick,6ce36319-15a4-0260-0643-248ff1c2ec2b,290376,0.00290376,37,4
2017-12-31T17:00:00.885899Z,XBTUSD,Buy,100,14101,PlusTick,1e3e55f2-8ea4-1fba-6f51-6a4fe2f9789b,709200,0.007092,100,12
2018-01-01T01:00:00.830546Z,XBTUSD,Buy,36,13670.5,ZeroPlusTick,0bc03773-e737-0a55-efd6-18c20a94d04b,263340,0.0026334,36,20
2018-01-01T09:00:01.733377Z,XBTUSD,Buy,160,13498.5,MinusTick,1005e332-3235-a9be-044d-0560dc379a9d,1185280,0.0118528,160,4
2018-01-01T17:00:02.150443Z,XBTUSD,Buy,321,13075,ZeroPlusTick,a5b2cff0-7c0a-3688-d15f-fdc5311a9bd1,2455008,0.02455008,321,12
2018-01-02T01:00:01.806405Z,XBTUSD,Sell,1000,13852.5,ZeroMinusTick,4b5cc75d-9d81-6bb8-6988-c908697a7912,7219000,0.07219,1000,20
2018-01-02T09:00:00.870012Z,XBTUSD,Sell,100,13466,PlusTick,18d60ee1-9488-098e-0d61-a5d09307ccb3,742600,0.007426,100,4
2018-01-02T17:00:01.031167Z,XBTUSD,Buy,61,13716,ZeroMinusTick,ce70528c-51b0-e0fb-4b5e-079edd29f44e,444751,0.00444751,61,12
2018-01-03T01:00:00.850254Z,XBTUSD,Buy,1020,14914.5,ZeroPlusTick,2e83dfda-7e9c-e46f-677f-fb9f2b25110d,6839100,0.068391,1020,20
2018-01-03T09:00:01.844509Z,XBTUSD,Buy,1699,15154.5,ZeroPlusTick,4b065475-0fbb-eb67-6a90-92118050818f,11211701,0.11211701,1699,4
2018-01-03T17:00:04.659696Z,XBTUSD,Buy,5,15107.5,ZeroPlusTick,785ba79a-faa4-146a-3f03-7119006b303b,33095,3.3095e-4,5,12
2018-01-04T01:00:01.007120Z,XBTUSD,Sell,50,15158.5,ZeroMinusTick,2be0ff95-e6df-667e-7119-738ccf167892,329850,0.0032985000000000002,50,20
2018-01-04T09:00:00.776950Z,XBTUSD,Buy,1438,14375.5,PlusTick,e0ee0ab7-491d-52c0-6c5e-e268cb112f91,10002728,0.10002728,1438,4
2018-01-04T17:00:02.352216Z,XBTUSD,Sell,1243,14609.5,MinusTick,f3c52d83-2d91-b563-6ee2-3cff3ffedaa7,8508335,0.08508335,1243,12
2018-01-05T01:00:02.838148Z,XBTUSD,Buy,15,15053,PlusTick,2bdbc318-d64c-6be2-12c3-da1bbaf6238c,99645,9.9645e-4,15,20
2018-01-05T09:00:02.019001Z,XBTUSD,Buy,10,15588.5,PlusTick,86d91a64-29b1-c608-8ece-ae3108915145,64150,6.415e-4,10,4
2018-01-05T17:00:00.748424Z,XBTUSD,Sell,2500,16261.5,ZeroMinusTick,1abf1466-e7e4-1c8c-ace6-11719e5c023f,15372500,0.153725,2500,12
2018-01-06T01:00:00.834375Z,XBTUSD,Buy,3000,16892,PlusTick,21747c02-5a73-b12e-05c8-00b83eff5692,17760000,0.1776,3000,20
2018-01-06T09:00:00.710030Z,XBTUSD,Buy,2500,16448,PlusTick,c4975c1b-523d-d37c-4fbf-faf18773f325,15200000,0.152,2500,4
2018-01-06T17:00:00.932108Z,XBTUSD,Sell,2975,16819.5,MinusTick,32274f4f-b803-4a17-4484-175a45ee92f0,17686375,0.17686375,2975,12
2018-01-07T01:00:00.867638Z,XBTUSD,Sell,1500,17080,MinusTick,5be504b6-ddbe-dd45-0e52-525eccac0bf7,8782500,0.087825,1500,20
2018-01-07T09:00:01.707261Z,XBTUSD,Buy,300,16757.5,ZeroPlusTick,15a21a2d-2165-d16f-d4cc-2a8606164de6,1790100,0.017901,300,4
2018-01-07T17:00:00.712758Z,XBTUSD,Buy,50,16183,ZeroPlusTick,0292baa7-7d35-c594-2a0d-6a33d1a7660a,308950,0.0030895,50,12
2018-01-08T01:00:00.789751Z,XBTUSD,Buy,2966,15973.5,PlusTick,fd040a75-e5e8-971a-ee66-f519577e7d84,18567160,0.1856716,2966,20
2018-01-08T09:00:02.311471Z,XBTUSD,Buy,3000,15505.5,PlusTick,7b4eb22e-0c2f-07d5-4e11-366a4cc95168,19347000,0.19347,3000,4
2018-01-08T17:00:00.868534Z,XBTUSD,Buy,1217,14885.5,PlusTick,2c596f7d-34fb-2b1c-bdd0-65040e2e51ad,8175806,0.08175806,1217,12
2018-01-09T01:00:01.829571Z,XBTUSD,Sell,2085,15244.5,ZeroMinusTick,2ac52e62-6240-fa5c-c720-ecf9dfb93e76,13677600,0.136776,2085,20
2018-01-09T09:00:01.807753Z,XBTUSD,Buy,10,15197,ZeroPlusTick,5be69adc-8f06-c973-f565-e2095ddc036f,65800,6.58e-4,10,4
2018-01-09T17:00:00.519876Z,XBTUSD,Sell,1489,14957,ZeroMinusTick,bec70cfe-b78d-0434-0c8a-f324ac9203f5,9955454,0.09955454,1489,12
2018-01-10T01:00:01.942155Z,XBTUSD,Buy,20,14100.5,PlusTick,063dd6aa-bef9-847b-2210-8249389bff8b,141840,0.0014184,20,20
2018-01-10T09:00:01.820588Z,XBTUSD,Buy,10,13483,MinusTick,c20f3623-3d1f-6a5d-6475-5704d40f61ec,74170,7.417e-4,10,4
2018-01-10T17:00:01.030529Z,XBTUSD,Sell,71,14524.5,ZeroMinusTick,a90a13f9-e194-3c48-3d0f-1dedf499a4b9,488835,0.00488835,71,12
2018-01-11T01:00:02.395730Z,XBTUSD,Sell,330,14734,PlusTick,72c0ccdd-5750-8dd7-0b1a-f235813bdab9,2239710,0.0223971,330,20
2018-01-11T09:00:03.446311Z,XBTUSD,Sell,5000,13755.5,MinusTick,09ad31bf-7bb7-3463-f627-2e5c45f3d4e6,36350000,0.3635,5000,4
2018-01-11T17:00:00.626983Z,XBTUSD,Sell,1832,13935,ZeroMinusTick,cfb74cac-631f-1ca0-6c13-adcc5fa2469d,13146432,0.13146432,1832,12
2018-01-12T01:00:01.909623Z,XBTUSD,Buy,1,13100,PlusTick,a83f377d-11f3-3682-cbac-c80e32c47cd9,7634,7.634e-5,1,20
2018-01-12T09:00:00.645721Z,XBTUSD,Buy,200,13545,ZeroPlusTick,bed4676e-16b1-b75b-4e95-56cc032d0263,1476600,0.014766,200,4
2018-01-12T17:00:01.766672Z,XBTUSD,Sell,377,13560,ZeroMinusTick,dc9f8e20-271d-9172-18f2-d69f813f662f,2780375,0.02780375,377,12
2018-01-13T01:00:01.872321Z,XBTUSD,Sell,124,14243.5,MinusTick,11a817eb-d870-95c3-a981-ba8cced99ec6,870604,0.00870604,124,20
2018-01-13T09:00:02.668706Z,XBTUSD,Buy,506,14270,ZeroPlusTick,e7e03473-397e-24a7-9545-c00e3b9f096b,3546048,0.03546048,506,4
2018-01-13T17:00:05.680284Z,XBTUSD,Sell,360,14262,MinusTick,5a2ca8b1-c486-0fe7-6ec1-5e9963abe549,2524320,0.0252432,360,12
2018-01-14T01:00:00.943273Z,XBTUSD,Sell,9941,14273.5,ZeroMinusTick,ba694058-2b0b-00a9-7a5c-c88231455d83,69646646,0.69646646,9941,20
2018-01-14T09:00:00.868788Z,XBTUSD,Sell,1988,13652,MinusTick,5747891e-5836-aacd-181f-f30b6d56af0a,14562100,0.145621,1988,4
2018-01-14T17:00:02.287517Z,XBTUSD,Sell,1630,13336,MinusTick,6d943344-f06c-91c8-c4d3-f1f92be3fc84,12223370,0.1222337,1630,12
2018-01-15T01:00:00.642353Z,XBTUSD,Sell,5,13782,MinusTick,a0e5b5cf-e285-8081-b1e1-ab92151230a1,36280,3.628e-4,5,20
2018-01-15T09:00:01.649363Z,XBTUSD,Buy,40,13623,PlusTick,2f8fc82c-5cbe-2c0f-13cc-4f12382cf6fa,293640,0.0029364,40,4
2018-01-15T17:00:01.837198Z,XBTUSD,Sell,6000,14192.5,ZeroMinusTick,a1c7e1f9-6aaa-df7f-f473-6c6f0e236ebb,42276000,0.42276,6000,12
2018-01-16T01:00:04.234886Z,XBTUSD,Sell,10,13183.5,MinusTick,5a373cce-dc0b-3c80-f4eb-f2cc81779877,75850,7.585e-4,10,20
2018-01-16T09:00:02.803990Z,XBTUSD,Buy,710,12185,MinusTick,33bfbc93-2ff8-1ba0-339d-692e1a566273,5826970,0.0582697,710,4
2018-01-16T17:00:00.872313Z,XBTUSD,Buy,5000,12000,ZeroPlusTick,a6e8757b-cd26-45c6-f66d-f16788abb1a1,41665000,0.41665,5000,12
2018-01-17T01:00:00.973638Z,XBTUSD,Sell,10,11161.5,MinusTick,e451d363-bc25-b529-3e49-8d23bde15cfc,89590,8.959e-4,10,20
2018-01-17T09:00:01.043549Z,XBTUSD,Sell,3870,10940,ZeroPlusTick,36f67bdd-a1e5-3c48-ef0b-8cddc2532bc7,35375670,0.3537567,3870,4
2018-01-17T17:00:00.934905Z,XBTUSD,Buy,1250,10363,ZeroPlusTick,5108bc2c-76dc-d92f-282b-3dc90da902f5,12062500,0.120625,1250,12
2018-01-18T01:00:01.912827Z,XBTUSD,Sell,1132,11320.5,MinusTick,b6aacde5-1d2f-09df-f3d5-520ce05a73ab,10000088,0.10000088,1132,20
2018-01-18T09:00:03.370355Z,XBTUSD,Sell,3000,10857,MinusTick,448fa7e9-98a2-0955-d986-7f7478a60f68,27633000,0.27633,3000,4
2018-01-18T17:00:00.975801Z,XBTUSD,Sell,20000,11685.5,ZeroMinusTick,633b41dd-baa8-3756-6fa6-5ec9078b30a8,171160000,1.7116,20000,12
2018-01-19T01:00:01.963509Z,XBTUSD,Sell,1000,11493.5,MinusTick,121e23e7-7569-9a87-d2fa-8cc096eaea05,8701000,0.08701,1000,20
2018-01-19T09:00:02.681251Z,XBTUSD,Sell,1200,11774,ZeroMinusTick,20b0b9ee-52e6-5366-ff95-b52ef2d8f631,10191600,0.101916,1200,4
2018-01-19T17:00:02.377297Z,XBTUSD,Sell,100,11660.5,MinusTick,b2fd3257-6a05-3b35-cef2-6336dc35a21c,857600,0.008576,100,12
2018-01-20T01:00:00.682255Z,XBTUSD,Buy,700,11575,PlusTick,8fa9c5cc-d82f-a711-1232-02a1c49ec733,6047300,0.060473,700,20
2018-01-20T09:00:03.416926Z,XBTUSD,Sell,2400,12805,PlusTick,5d7414fb-e5e7-e289-8535-543b41573ce3,18741600,0.187416,2400,4
2018-01-20T17:00:00.749223Z,XBTUSD,Sell,1000,12878.5,ZeroMinusTick,d6363297-25e9-3759-9f08-d9dcb96b54d7,7765000,0.07765,1000,12
2018-01-21T01:00:01.580308Z,XBTUSD,Buy,100,12341.5,ZeroPlusTick,af99b005-59fe-a36d-05fc-10ab6b656867,810300,0.008103,100,20
2018-01-21T09:00:02.462822Z,XBTUSD,Buy,3000,11895.5,ZeroPlusTick,4258ab78-75d2-742f-cdda-a6fadda7da48,25221000,0.25221,3000,4
2018-01-21T17:00:01.963587Z,XBTUSD,Buy,3,11275.5,PlusTick,9151efb0-1339-457d-571e-1c95dd54262f,26607,2.6607e-4,3,12
2018-01-22T01:00:00.861693Z,XBTUSD,Sell,2364,11683,ZeroMinusTick,fd07a95b-24cf-561d-7195-fb9b34d27f3a,20233476,0.20233476,2364,20
2018-01-22T09:00:01.639521Z,XBTUSD,Buy,40,11698,PlusTick,7462b693-71ac-5137-5ae4-8c937c27a063,341920,0.0034192,40,4
2018-01-22T17:00:00.882261Z,XBTUSD,Sell,3597,10500,ZeroMinusTick,7b54cf3f-1a1f-6314-54eb-9a30ca8aaa9a,34257828,0.34257828,3597,12
2018-01-23T01:00:01.719123Z,XBTUSD,Buy,10000,10810,PlusTick,6db01d8d-9122-3194-c5a3-b3a70e1503cc,92510000,0.9251,10000,20
2018-01-23T09:00:01.463112Z,XBTUSD,Sell,20,10725.5,PlusTick,2e276605-71f3-d3b2-1204-960b7d746685,186480,0.0018648,20,4
2018-01-23T17:00:01.776513Z,XBTUSD,Sell,1250,11369.5,MinusTick,ec97603b-e341-6091-aad2-dec138630fb6,10993750,0.1099375,1250,12
2018-01-24T01:00:01.603557Z,XBTUSD,Sell,100,10589.5,ZeroMinusTick,77c4d8e0-1af0-66cd-155a-ab1d822601cf,944300,0.009443,100,20
2018-01-24T09:00:00.630831Z,XBTUSD,Sell,3000,10828,ZeroMinusTick,ee3cad64-4d54-17e6-cc76-3988e7fe2c71,27705000,0.27705,3000,4
2018-01-24T17:00:02.282504Z,XBTUSD,Buy,3235,11051,PlusTick,dd75a2de-7c7f-e887-1fdf-bebbb356982d,29273515,0.29273515,3235,12
2018-01-25T01:00:01.419777Z,XBTUSD,Sell,4500,11290,ZeroMinusTick,7abc88b5-4d7c-472d-d419-86e8642c80d8,39856500,0.398565,4500,20
2018-01-25T09:00:01.576816Z,XBTUSD,Sell,301,11283,ZeroMinusTick,57461e1c-00f5-e37d-51a3-f7619a725265,2667763,0.02667763,301,4
2018-01-25T17:00:00.764871Z,XBTUSD,Sell,20,10896.5,MinusTick,ece55200-0989-16c9-f687-34da83e6c230,183540,0.0018354,20,12
2018-01-26T01:00:02.363572Z,XBTUSD,Buy,10,11363,ZeroPlusTick,3d9e6b1e-e953-39c9-461a-89a9ec70b30a,88000,8.8e-4,10,20
2018-01-26T09:00:00.860155Z,XBTUSD,Sell,18,10690,MinusTick,84f60448-2a3c-024d-d58c-72de16513288,168390,0.0016839,18,4
2018-01-26T17:00:00.977368Z,XBTUSD,Sell,100,11107,MinusTick,bcb6f576-fdc3-2010-409f-3be0d4794b31,900300,0.009003,100,12
2018-01-27T01:00:00.763030Z,XBTUSD,Buy,100,11105.5,PlusTick,9a021fb0-5f17-2b16-6748-fdaa9bd0467e,900500,0.009005,100,20
2018-01-27T09:00:01.866340Z,XBTUSD,Buy,1,11150.5,ZeroPlusTick,77c6fa06-1ad1-5c8f-a2aa-ab900ed801d7,8968,8.968e-5,1,4
2018-01-27T17:00:02.280952Z,XBTUSD,Sell,500,11568.5,ZeroMinusTick,3328df41-74b1-b085-4a37-58faddb38179,4322000,0.04322,500,12
2018-01-28T01:00:02.688657Z,XBTUSD,Buy,50,11467,ZeroMinusTick,baf6be2e-d509-2d89-5494-d3adf354ec48,436050,0.0043605,50,20
2018-01-28T09:00:00.764009Z,XBTUSD,Buy,6,11778.5,MinusTick,f84c86de-7d20-59db-346a-07852c719bfb,50940,5.094e-4,6,4
2018-01-28T17:00:01.928298Z,XBTUSD,Sell,2487,11608,ZeroMinusTick,562351ed-e999-8d17-84d8-b47e85eb1d45,21425505,0.21425505,2487,12
2018-01-29T01:00:01.739380Z,XBTUSD,Buy,50,11665.5,PlusTick,c3f0bc88-e1a2-ac1c-70ae-aecfbc4f8a1e,428600,0.004286,50,20
2018-01-29T09:00:00.797029Z,XBTUSD,Sell,18,11187,MinusTick,2a59c3ea-778e-630d-ad27-09b231db3e1d,160902,0.00160902,18,4
2018-01-29T17:00:01.357030Z,XBTUSD,Buy,1000,11198,PlusTick,1b9606d3-016d-3724-8a7f-994110b52f0c,8930000,0.0893,1000,12
2018-01-30T01:00:00.809455Z,XBTUSD,Sell,100,11151.5,ZeroMinusTick,ca48f3a9-82fe-2aee-9d28-18aff7e431d7,896700,0.008967,100,20
2018-01-30T09:00:03.446112Z,XBTUSD,Buy,1000,11015,PlusTick,dd0292e8-7879-c894-49c6-39092c0e4f2c,9079000,0.09079,1000,4
2018-01-30T17:00:05.367372Z,XBTUSD,Sell,1000,10323,PlusTick,f67827e2-bd43-1008-49fa-23ce6a3fe740,9687000,0.09687,1000,12
2018-01-31T01:00:01.719810Z,XBTUSD,Sell,200,9640,PlusTick,8ce2dd75-9e3e-d3e9-9903-07da0307c5e0,2074600,0.020746,200,20
2018-01-31T09:00:01.864408Z,XBTUSD,Buy,200,10118.5,MinusTick,693fe3bc-15b2-f78a-fa75-dc59096ba0e9,1976600,0.019766,200,4
2018-01-31T17:00:02.333541Z,XBTUSD,Sell,55,9955,ZeroPlusTick,52761eba-5e7a-b561-df11-3a4c4cb1e81a,552475,0.00552475,55,12
2018-02-01T01:00:02.948362Z,XBTUSD,Buy,16000,10095,ZeroPlusTick,44c449f1-8605-5f8e-c893-135d04e01b2d,158496000,1.58496,16000,20
2018-02-01T09:00:00.862879Z,XBTUSD,Buy,291,9836,ZeroPlusTick,26d50356-f232-d84d-2b52-1d9e6e7dce55,2958597,0.02958597,291,4
2018-02-01T17:00:01.675765Z,XBTUSD,Sell,5000,8970,MinusTick,0b3ca3cc-10e4-78dc-7db5-a760b323dd10,55740000,0.5574,5000,12
2018-02-02T01:00:02.576910Z,XBTUSD,Sell,10000,8684,MinusTick,19f44540-4928-6349-dbcf-dced80e1a178,115150000,1.1515,10000,20
2018-02-02T09:00:00.636155Z,XBTUSD,Buy,25,8275,PlusTick,97db7097-49eb-1148-1fb9-66744f947d46,302125,0.00302125,25,4
2018-02-02T17:00:01.829553Z,XBTUSD,Sell,5800,9042,MinusTick,a2eba272-ee24-a077-18df-4a51a451d53a,64148000,0.64148,5800,12
2018-02-03T01:00:01.871248Z,XBTUSD,Sell,2842,8743,ZeroMinusTick,2abc58ff-e88a-b98a-2e0c-eb858788a46b,32506796,0.32506796,2842,20
2018-02-03T09:00:01.646116Z,XBTUSD,Buy,300,8890.5,ZeroPlusTick,ddd18b85-b920-d053-7409-a5ab3db5f465,3374400,0.033744,300,4
2018-02-03T17:00:01.947125Z,XBTUSD,Buy,1505,9297,ZeroPlusTick,34c20129-6a20-1b89-7752-34831758ab5d,16187780,0.1618778,1505,12
2018-02-04T01:00:01.706768Z,XBTUSD,Sell,314,9078.5,ZeroMinusTick,e54e463e-9282-50f0-4bcf-f0b34c6dff54,3458710,0.0345871,314,20
2018-02-04T09:00:01.970021Z,XBTUSD,Buy,200,9058,MinusTick,e5a0cd99-2dec-f7ae-4048-110ade54ac13,2208000,0.02208,200,4
2018-02-04T17:00:00.364872Z,XBTUSD,Buy,100,8441.5,MinusTick,472e9bf4-94e4-d203-f5f2-1e3b57297621,1184600,0.011846,100,12
2018-02-05T01:00:01.617309Z,XBTUSD,Buy,100,8191,ZeroMinusTick,902fb7e4-643e-f6f6-50e4-ea2b224a4a2e,1220900,0.012209,100,20
2018-02-05T09:00:01.867556Z,XBTUSD,Buy,3525,7776,PlusTick,56957663-7740-2c91-34d8-2783f4d9e30c,45331500,0.453315,3525,4
2018-02-05T17:00:01.131026Z,XBTUSD,Buy,100,7277.5,PlusTick,02006b8a-1b90-2e56-706a-f386940a483a,1374100,0.013741,100,12
2018-02-06T01:00:00.846717Z,XBTUSD,Sell,8000,6954,ZeroMinusTick,b392f1b3-56ce-d871-2a27-1997ccf17949,115040000,1.1504,8000,20
2018-02-06T09:00:03.358060Z,XBTUSD,Sell,797,6050.5,MinusTick,62931718-def9-71e9-daf1-ef5cc074b611,13172816,0.13172816,797,4
2018-02-06T17:00:02.472470Z,XBTUSD,Sell,3000,7112,MinusTick,bd7ab79e-7e1f-c16c-166d-b1848623f239,42183000,0.42183,3000,12
2018-02-07T01:00:01.993355Z,XBTUSD,Buy,15,7580,ZeroPlusTick,d91cdbd7-f178-f7bb-3cb9-1282f76b6ae3,197895,0.00197895,15,20
2018-02-07T09:00:01.817280Z,XBTUSD,Buy,9,7678,PlusTick,61df6af9-548f-6050-9aff-12847d23b978,117216,0.00117216,9,4
2018-02-07T17:00:01.070839Z,XBTUSD,Sell,803,8026,MinusTick,ba3f1e19-89e8-476d-5032-4ad0ded8fe4b,10005380,0.1000538,803,12
2018-02-08T01:00:00.896491Z,XBTUSD,Sell,23506,7713.5,ZeroMinusTick,f712dd7b-057c-adac-c524-d468a07d5ca0,304731784,3.04731784,23506,20
2018-02-08T09:00:03.002770Z,XBTUSD,Buy,2200,8221.5,PlusTick,45879526-573b-31bc-577a-dcd57c1564e1,26758600,0.267586,2200,4
2018-02-08T17:00:01.059237Z,XBTUSD,Sell,5288,8274,ZeroMinusTick,395059d2-9ad9-ed5a-2832-dd1144d8f0d6,63910768,0.63910768,5288,12
2018-02-09T01:00:01.069037Z,XBTUSD,Buy,40,7895,ZeroMinusTick,df46b7c5-b348-8297-67bd-dab3276ee1b9,506640,0.0050664,40,20
2018-02-09T09:00:00.990206Z,XBTUSD,Sell,40000,8050,ZeroMinusTick,fb258489-f186-16ff-be1b-984d70c43de3,496880000,4.9688,40000,4
2018-02-09T17:00:01.400933Z,XBTUSD,Buy,7,8364.5,ZeroPlusTick,8d808a06-a6fb-ec87-2e2b-7c837e5788fa,83685,8.3685e-4,7,12
2018-02-10T01:00:01.764436Z,XBTUSD,Sell,5442,8863.5,MinusTick,536ea817-af2c-764d-fdee-be3255e9a0db,61396644,0.61396644,5442,20
2018-02-10T09:00:00.579226Z,XBTUSD,Buy,3000,8671,PlusTick,6fc48a2e-0be1-dbd8-638b-133cbfde1fce,34599000,0.34599,3000,4
2018-02-10T17:00:01.697558Z,XBTUSD,Sell,446,8319.5,MinusTick,4cc7504c-fb12-1ed9-2dc7-5a1846916417,5360920,0.0536092,446,12
2018-02-11T01:00:01.713543Z,XBTUSD,Buy,28,8387,PlusTick,8744ca20-c28b-9c39-72cb-7b7302e6f2ad,333844,0.00333844,28,20
2018-02-11T09:00:02.229845Z,XBTUSD,Buy,1600,7909.5,PlusTick,1794d3bc-ee9b-bb4d-0cf7-377c93a6680e,20228800,0.202288,1600,4
2018-02-11T17:00:01.038457Z,XBTUSD,Buy,200,8343,PlusTick,4ecd3463-05c2-ad6f-f337-eb553a2362ac,2397200,0.023972,200,12
2018-02-12T01:00:00.649716Z,XBTUSD,Buy,5227,8194.5,ZeroPlusTick,7a07dbb3-0bc3-7046-7df7-6549a1ba2912,63785081,0.63785081,5227,20
2018-02-12T09:00:00.650115Z,XBTUSD,Sell,2000,8780.5,ZeroMinusTick,cabff189-3b4e-0a90-1dc9-ea018cdc3bba,22778000,0.22778,2000,4
2018-02-12T17:00:01.323210Z,XBTUSD,Sell,1000,8670.5,MinusTick,459c8806-96d6-faa4-cb3d-394e600c7182,11533000,0.11533,1000,12
2018-02-13T01:00:02.321446Z,XBTUSD,Buy,5000,8911,PlusTick,3fed6b01-df73-fa18-d970-57dfa3b9c598,56110000,0.5611,5000,20
2018-02-13T09:00:00.935349Z,XBTUSD,Buy,15,8504,PlusTick,a97237c4-5049-3ad5-7ee8-7983822fe974,176385,0.00176385,15,4
2018-02-13T17:00:00.842160Z,XBTUSD,Buy,200,8557,PlusTick,950bab31-ba99-08f3-4ee9-4c4a986644c2,2337200,0.023372,200,12
2018-02-14T01:00:02.737401Z,XBTUSD,Buy,1000,8584.5,ZeroMinusTick,55c19d72-95cd-a982-a931-f8e747f36cee,11649000,0.11649,1000,20
2018-02-14T09:00:00.391729Z,XBTUSD,Sell,500,8881,ZeroPlusTick,e04ab148-84ae-3a79-d0b5-cb81eee0a5b0,5630000,0.0563,500,4
2018-02-14T17:00:03.864901Z,XBTUSD,Sell,869,9270.5,MinusTick,3db103d2-7520-7d54-3e53-bd6d4a002e82,9373903,0.09373903,869,12
2018-02-15T01:00:01.335535Z,XBTUSD,Buy,1665,9390.5,PlusTick,bde4bf65-234c-662b-c39b-3b66d913ae36,17730585,0.17730585,1665,20
2018-02-15T09:00:00.457998Z,XBTUSD,Buy,500,9864,ZeroPlusTick,6678ad1f-5ac4-2454-3119-a2d43e7be885,5069000,0.05069,500,4
2018-02-15T17:00:01.009371Z,XBTUSD,Sell,645,9924.5,ZeroMinusTick,058284e2-3e02-cf6d-16cb-aef97d7b4f86,6499020,0.0649902,645,12
2018-02-16T01:00:02.176988Z,XBTUSD,Buy,480,10238,PlusTick,5f91e8c5-e174-71f0-3d34-fc9d2a21fe13,4688640,0.0468864,480,20
2018-02-16T09:00:00.716982Z,XBTUSD,Buy,382,9906.5,ZeroPlusTick,88e72d8b-658b-226c-276d-74c879ec93b4,3855908,0.03855908,382,4
2018-02-16T17:00:01.693876Z,XBTUSD,Sell,5786,10098.5,MinusTick,a60beb47-ac2c-7020-f300-827635ca9ecd,57292972,0.57292972,5786,12
2018-02-17T01:00:00.685744Z,XBTUSD,Sell,2122,10192,ZeroMinusTick,b6d641fd-6ceb-44bd-b854-c06f290a8440,20821064,0.20821064,2122,20
2018-02-17T09:00:01.912498Z,XBTUSD,Sell,3000,10819,MinusTick,d39d106c-a72c-0f8c-89c9-1c1f137d7ed1,27729000,0.27729,3000,4
2018-02-17T17:00:01.067563Z,XBTUSD,Sell,1000,10824,MinusTick,8acfc2aa-0fd7-229f-b087-45c511c21113,9239000,0.09239,1000,12
2018-02-18T01:00:00.070533Z,XBTUSD,Buy,5400,11155.5,PlusTick,040c19a4-4806-b6a8-cda9-37efc91fba6c,48405600,0.484056,5400,20
2018-02-18T09:00:00.941236Z,XBTUSD,Buy,3639,10390.5,ZeroPlusTick,7b574dc4-ef10-373f-b7bc-4b4cd6076c9e,35021736,0.35021736,3639,4
2018-02-18T17:00:00.703248Z,XBTUSD,Buy,10619,10624,ZeroPlusTick,2b55cfd0-5963-eb57-3479-2db589330dd1,99956647,0.99956647,10619,12
2018-02-19T01:00:00.601469Z,XBTUSD,Buy,921,10438.5,ZeroPlusTick,c88f4e41-c0d4-78e5-7d23-0ec37f7f2f62,8823180,0.0882318,921,20
2018-02-19T09:00:00.887199Z,XBTUSD,Buy,4440,10813,PlusTick,46f47c59-dc83-80aa-d79f-fa2067e1b886,41061120,0.4106112,4440,4
2018-02-19T17:00:00.541174Z,XBTUSD,Sell,11098,11097.5,ZeroPlusTick,8cc6ec4a-cc74-bbfe-487e-f6d494469748,100004078,1.00004078,11098,12
2018-02-20T01:00:01.771257Z,XBTUSD,Buy,10,11420.5,ZeroPlusTick,15f528d5-1c62-bc33-1094-5a70f2bf19d2,87560,8.756e-4,10,20
2018-02-20T09:00:01.561189Z,XBTUSD,Buy,3000,11345.5,PlusTick,9b5ca310-998a-d7c1-3f3f-917ac123d142,26442000,0.26442,3000,4
2018-02-20T17:00:01.757663Z,XBTUSD,Sell,1320,11592.5,ZeroMinusTick,5271fd7f-9fea-f72c-cfea-82a9203bafbf,11386320,0.1138632,1320,12
2018-02-21T01:00:00.868575Z,XBTUSD,Buy,354,11072.5,ZeroMinusTick,afec8ef1-44e4-0f3f-412e-6ad502790c4c,3196974,0.03196974,354,20
2018-02-21T09:00:01.440658Z,XBTUSD,Sell,13849,11057,ZeroMinusTick,52d4658f-1803-a1c9-d1c1-ec9329b889dd,125250356,1.25250356,13849,4
2018-02-21T17:00:01.800024Z,XBTUSD,Sell,5000,10494,ZeroMinusTick,984ef927-5f4d-5877-463d-a489205f96f7,47645000,0.47645,5000,12
2018-02-22T01:00:01.155352Z,XBTUSD,Buy,500,10489.5,ZeroPlusTick,8e5588da-85a5-589e-0f2f-5eed26fce094,4766500,0.047665,500,20
2018-02-22T09:00:01.846231Z,XBTUSD,Buy,10000,10462.5,PlusTick,4e663ab8-ca6d-459a-39a7-397ef7f5672c,95580000,0.9558,10000,4
2018-02-22T17:00:01.866870Z,XBTUSD,Buy,1991,9951,PlusTick,ea5aac06-3686-c70c-d8cd-63315c88d0f8,20007559,0.20007559,1991,12
2018-02-23T01:00:00.987097Z,XBTUSD,Buy,1000,9662,PlusTick,73fa5f7d-2cf3-081b-894a-01dd9a03a844,10350000,0.1035,1000,20
2018-02-23T09:00:01.519348Z,XBTUSD,Buy,130,9927,ZeroPlusTick,0c2664be-2250-ef8b-1361-6d40f29da50b,1309620,0.0130962,130,4
2018-02-23T17:00:00.707149Z,XBTUSD,Sell,4900,10090,MinusTick,0781d67b-d578-41b8-0024-846830611486,48563900,0.485639,4900,12
2018-02-24T01:00:01.794632Z,XBTUSD,Sell,10,10307.5,ZeroMinusTick,985a5dd0-7d22-890d-f20d-bb12199156e6,97020,9.702e-4,10,20
2018-02-24T09:00:00.849418Z,XBTUSD,Sell,3,10016.5,ZeroMinusTick,ecc8465e-176f-3120-5f38-47f933b64740,29952,2.9952e-4,3,4
2018-02-24T17:00:02.392446Z,XBTUSD,Sell,1000,9769.5,MinusTick,36df97f2-bcb6-b6df-0ec0-7eaa900ae04b,10236000,0.10236,1000,12
2018-02-25T01:00:01.781061Z,XBTUSD,Buy,8000,9645.5,PlusTick,e6669f74-8315-5277-33a7-6b52d8373241,82944000,0.82944,8000,20
2018-02-25T09:00:00.990617Z,XBTUSD,Sell,538,9602.5,ZeroMinusTick,c4b83669-dd99-4298-cfb5-6bcef294c62f,5602732,0.05602732,538,4
2018-02-25T17:00:01.472053Z,XBTUSD,Buy,38,9387.5,PlusTick,37ea79ca-3a78-ab25-74ae-5a15455d2a77,404776,0.00404776,38,12
2018-02-26T01:00:01.524173Z,XBTUSD,Buy,2710,9591.5,ZeroPlusTick,4cdb6e69-5b78-3831-abba-71eb7e381c3d,28254460,0.2825446,2710,20
2018-02-26T09:00:02.509567Z,XBTUSD,Sell,1000,9444.5,ZeroMinusTick,fdf5c857-2030-9c9c-900d-802d38aad801,10588000,0.10588,1000,4
2018-02-26T17:00:01.052947Z,XBTUSD,Buy,100,10197,ZeroPlusTick,9e897486-1079-84ac-cc5a-fc4d0049ad1d,980700,0.009807,100,12
2018-02-27T01:00:00.431695Z,XBTUSD,Buy,1128,10365,ZeroPlusTick,a1d87eeb-0dfb-86e4-8f3d-cd9fa49bfe5b,10882944,0.10882944,1128,20
2018-02-27T09:00:00.876099Z,XBTUSD,Buy,1,10705.5,ZeroPlusTick,adca6aac-a4ac-a45d-ea02-86098b14c97c,9341,9.341e-5,1,4
2018-02-27T17:00:01.515735Z,XBTUSD,Sell,1000,10631,ZeroMinusTick,c3041ab3-d1d2-589c-9e08-2005471f5272,9406000,0.09406,1000,12
2018-02-28T01:00:01.935214Z,XBTUSD,Buy,3700,10645.5,PlusTick,2b00002e-7b08-f656-7c48-d92414910f5e,34757800,0.347578,3700,20
2018-02-28T09:00:01.359969Z,XBTUSD,Buy,400,10505.5,PlusTick,b850bd57-e29b-98a4-cb98-d633406c9fff,3807600,0.038076,400,4
2018-02-28T17:00:01.554553Z,XBTUSD,Buy,3300,10407.5,ZeroPlusTick,391b278b-4023-5856-7a8b-9738cefba456,31706400,0.317064,3300,12
2018-03-01T01:00:00.528121Z,XBTUSD,Sell,200,10381.5,MinusTick,d77fabb4-e9bd-0ec8-ec31-a853e955c240,1926600,0.019266,200,20
2018-03-01T09:00:00.786271Z,XBTUSD,Sell,5000,10620,ZeroMinusTick,c2ee75a8-c7bf-a9ef-c399-57bb9c93e04d,47080000,0.4708,5000,4
2018-03-01T17:00:01.755633Z,XBTUSD,Sell,3695,10755,ZeroMinusTick,447a76ac-2503-7a7f-253b-534a6d9af473,34356110,0.3435611,3695,12
2018-03-02T01:00:01.282713Z,XBTUSD,Buy,1861,11032.5,MinusTick,c95da96d-e15b-5e48-1256-6accdcea4ca0,16868104,0.16868104,1861,20
2018-03-02T09:00:01.871693Z,XBTUSD,Buy,30000,11115,PlusTick,8f751f05-05d8-87b9-d9ff-420b2485ba26,269910000,2.6991,30000,4
2018-03-02T17:00:01.100288Z,XBTUSD,Sell,5000,10857,ZeroPlusTick,8d8c4c65-9ab8-c072-baf2-e449d3e83fcf,46055000,0.46055,5000,12
2018-03-03T01:00:03.369306Z,XBTUSD,Sell,10002,11090,ZeroMinusTick,a1c3277c-8268-0069-5b6a-0957243becfd,90188034,0.90188034,10002,20
2018-03-03T09:00:01.125185Z,XBTUSD,Buy,5000,11339,PlusTick,3d8aae14-79f7-84c6-c791-ceb7283c79b3,44095000,0.44095,5000,4
